|init|battle
|title|ahsahgfr vs. PlotiNology
|j|☆ahsahgfr
|j|☆PlotiNology
|player|p1|ahsahgfr|290|1047
|player|p2|PlotiNology|269|1107
|teamsize|p1|6
|teamsize|p2|4
|gametype|singles
|gen|7
|tier|[Gen 7] Balanced Hackmons
|rated|
|rule|Ability Clause: Limit two of each ability
|rule|OHKO Clause: OHKO moves are banned
|rule|Evasion Moves Clause: Evasion moves are banned
|rule|CFZ Clause: Crystal-free Z-Moves are banned
|rule|Sleep Clause Mod: Limit one foe put to sleep
|rule|Endless Battle Clause: Forcing endless battles is banned
|rule|HP Percentage Mod: HP is shown in percentages
|clearpoke
|poke|p1|Chansey, F|item
|poke|p1|Kyurem-Black|item
|poke|p1|Celesteela|item
|poke|p1|Xerneas|item
|poke|p1|Kyogre-Primal|item
|poke|p1|Solgaleo|item
|poke|p2|Shedinja|item
|poke|p2|Rayquaza-Mega|item
|poke|p2|Kyogre-Primal|item
|poke|p2|Metagross-Mega|item
|teampreview
|
|start
|switch|p1a: Contrary Test|Kyurem-Black|100/100
|switch|p2a: Rayquaza|Rayquaza-Mega|100/100
|-weather|DeltaStream|[from] ability: Delta Stream|[of] p2a: Rayquaza
|turn|1
|inactive|Battle timer is ON: inactive players will automatically lose when time's up. (requested by ahsahgfr)
|c|☆ahsahgfr|dude
|c|☆ahsahgfr|why would u use that bug thing
|c|☆ahsahgfr|it has one hp
|
|move|p1a: Contrary Test|Fake Out|p2a: Rayquaza
|-activate||deltastream
|-supereffective|p2a: Rayquaza
|-damage|p2a: Rayquaza|43/100
|cant|p2a: Rayquaza|flinch
|
|-weather|DeltaStream|[upkeep]
|upkeep
|turn|2

|
|move|p1a: Contrary Test|Extreme Speed|p2a: Rayquaza
|-activate||deltastream
|-supereffective|p2a: Rayquaza
|-damage|p2a: Rayquaza|0 fnt
|faint|p2a: Rayquaza
|-weather|none
|
|upkeep

|
|switch|p2a: Metagross|Metagross-Mega, shiny|100/100
|turn|3

|c|☆ahsahgfr|its trash

|
|switch|p1a: Solgaleo|Solgaleo, shiny|100/100
|move|p2a: Metagross|Swords Dance|p2a: Metagross
|-boost|p2a: Metagross|atk|2
|
|-ability|p2a: Metagross|Speed Boost|boost
|-boost|p2a: Metagross|spe|1
|upkeep
|turn|4

|
|move|p2a: Metagross|Earthquake|p1a: Solgaleo
|-supereffective|p1a: Solgaleo
|-damage|p1a: Solgaleo|16/100
|move|p1a: Solgaleo|Knock Off|p2a: Metagross
|-supereffective|p2a: Metagross
|-damage|p2a: Metagross|61/100
|-enditem|p2a: Metagross|Aguav Berry|[from] move: Knock Off|[of] p1a: Solgaleo
|
|-ability|p2a: Metagross|Speed Boost|boost
|-boost|p2a: Metagross|spe|1
|upkeep
|turn|5

|
|switch|p1a: Celesteela|Celesteela|100/100
|move|p2a: Metagross|Psychic Fangs|p1a: Celesteela
|-resisted|p1a: Celesteela
|-damage|p1a: Celesteela|66/100
|
|-ability|p2a: Metagross|Speed Boost|boost
|-boost|p2a: Metagross|spe|1
|upkeep
|turn|6

|
|move|p1a: Celesteela|Haze|p1a: Celesteela
|-clearallboost
|move|p2a: Metagross|Sunsteel Strike|p1a: Celesteela
|-resisted|p1a: Celesteela
|-damage|p1a: Celesteela|47/100
|
|-ability|p2a: Metagross|Speed Boost|boost
|-boost|p2a: Metagross|spe|1
|upkeep
|turn|7

|
|-singleturn|p1a: Celesteela|move: Beak Blast
|switch|p2a: Shedinja|Shedinja|100/100
|move|p1a: Celesteela|Beak Blast|p2a: Shedinja
|-supereffective|p2a: Shedinja
|-ability|p2a: Shedinja|Sturdy
|-damage|p2a: Shedinja|100/100
|
|upkeep
|turn|8

|c|☆ahsahgfr|what

|c|☆ahsahgfr|y didnt u die

|
|move|p1a: Celesteela|Parting Shot|p2a: Shedinja
|-unboost|p2a: Shedinja|atk|1
|-unboost|p2a: Shedinja|spa|1

|
|switch|p1a: Solgaleo|Solgaleo, shiny|49/100|[from]move: Parting Shot
|move|p2a: Shedinja|Endeavor|p1a: Solgaleo
|-damage|p1a: Solgaleo|1/100
|-damage|p2a: Shedinja|0 fnt|[from] item: Rocky Helmet|[of] p1a: Solgaleo
|faint|p2a: Shedinja
|
|upkeep

|
|switch|p2a: Kyogre|Kyogre-Primal|100/100
|-weather|PrimordialSea|[from] ability: Primordial Sea|[of] p2a: Kyogre
|turn|9

|
|move|p2a: Kyogre|Quiver Dance|p2a: Kyogre
|-boost|p2a: Kyogre|spa|1
|-boost|p2a: Kyogre|spd|1
|-boost|p2a: Kyogre|spe|1
|move|p1a: Solgaleo|U-turn|p2a: Kyogre
|-damage|p2a: Kyogre|84/100

|
|switch|p1a: Kyogre|Kyogre-Primal, shiny|100/100|[from]move: U-turn
|
|-weather|PrimordialSea|[upkeep]
|-heal|p2a: Kyogre|90/100|[from] item: Leftovers
|upkeep
|turn|10

|
|move|p2a: Kyogre|Quiver Dance|p2a: Kyogre
|-boost|p2a: Kyogre|spa|1
|-boost|p2a: Kyogre|spd|1
|-boost|p2a: Kyogre|spe|1
|move|p1a: Kyogre|Spectral Thief||[still]
|-clearpositiveboost|p2a: Kyogre|p1a: Kyogre|move: Spectral Thief
|-boost|p1a: Kyogre|spa|2
|-boost|p1a: Kyogre|spd|2
|-boost|p1a: Kyogre|spe|2
|-anim|p1a: Kyogre|Spectral Thief|p2a: Kyogre
|-damage|p2a: Kyogre|66/100
|
|-weather|PrimordialSea|[upkeep]
|-heal|p2a: Kyogre|73/100|[from] item: Leftovers
|upkeep
|turn|11

|c|☆ahsahgfr|looooooooooooooooooooooooooooool

|c|☆PlotiNology|Well

|c|☆PlotiNology|I am ded

|
|move|p1a: Kyogre|Core Enforcer|p2a: Kyogre
|-damage|p2a: Kyogre|29/100
|move|p2a: Kyogre|Thunder|p1a: Kyogre
|-supereffective|p1a: Kyogre
|-damage|p1a: Kyogre|87/100
|
|-weather|PrimordialSea|[upkeep]
|-heal|p2a: Kyogre|35/100|[from] item: Leftovers
|upkeep
|turn|12

|c|☆ahsahgfr|ye

|
|move|p1a: Kyogre|Core Enforcer|p2a: Kyogre
|-damage|p2a: Kyogre|0 fnt
|faint|p2a: Kyogre
|-weather|none
|
|upkeep

|c|☆PlotiNology|gg

|c|☆ahsahgfr|gg

|-message|PlotiNology forfeited.

|
|win|ahsahgfr