|init|battle
|title|Lutoo vs. Dzilkoboy
|j|☆Lutoo
|j|☆Dzilkoboy
|player|p1|Lutoo|209|1371
|player|p2|Dzilkoboy|23|1336
|teamsize|p1|6
|teamsize|p2|6
|gametype|singles
|gen|7
|tier|[Gen 7] OU
|rated|
|rule|Sleep Clause Mod: Limit one foe put to sleep
|rule|Species Clause: Limit one of each Pokémon
|rule|OHKO Clause: OHKO moves are banned
|rule|Moody Clause: Moody is banned
|rule|Evasion Moves Clause: Evasion moves are banned
|rule|Endless Battle Clause: Forcing endless battles is banned
|rule|HP Percentage Mod: HP is shown in percentages
|clearpoke
|poke|p1|Absol, M|item
|poke|p1|Jirachi|item
|poke|p1|Keldeo-Resolute|item
|poke|p1|Garchomp, M|item
|poke|p1|Rotom-Wash|item
|poke|p1|Zapdos|item
|poke|p2|Gyarados, M|item
|poke|p2|Kartana|item
|poke|p2|Tapu Lele|item
|poke|p2|Blacephalon|item
|poke|p2|Hawlucha, F|item
|poke|p2|Landorus-Therian, M|item
|teampreview
|inactive|Battle timer is ON: inactive players will automatically lose when time's up. (requested by Lutoo)
|
|start
|switch|p1a: Absol|Absol, M|100/100
|switch|p2a: Landorus|Landorus-Therian, M|100/100
|-ability|p2a: Landorus|Intimidate|boost
|-unboost|p1a: Absol|atk|1
|-ability|p1a: Absol|Pressure
|turn|1

|inactive|Dzilkoboy has 120 seconds left.

|inactive|Dzilkoboy has 90 seconds left.

|
|detailschange|p1a: Absol|Absol-Mega, M
|-mega|p1a: Absol|Absol|Absolite
|move|p1a: Absol|Ice Beam|p2a: Landorus
|-supereffective|p2a: Landorus
|-enditem|p2a: Landorus|Focus Sash
|-damage|p2a: Landorus|1/100
|move|p2a: Landorus|Swords Dance|p2a: Landorus
|-boost|p2a: Landorus|atk|2
|
|upkeep
|turn|2

|
|move|p1a: Absol|Dark Pulse|p2a: Landorus
|-damage|p2a: Landorus|0 fnt
|faint|p2a: Landorus
|
|upkeep

|
|switch|p2a: Tapu Lele|Tapu Lele|100/100
|-fieldstart|move: Psychic Terrain|[from] ability: Psychic Surge|[of] p2a: Tapu Lele
|turn|3

|
|switch|p1a: Jirachi|Jirachi|100/100
|move|p2a: Tapu Lele|Moonblast|p1a: Jirachi
|-resisted|p1a: Jirachi
|-damage|p1a: Jirachi|65/100
|
|upkeep
|turn|4

|
|move|p1a: Jirachi|U-turn|p2a: Tapu Lele
|-damage|p2a: Tapu Lele|67/100

|
|switch|p1a: Zapdos|Zapdos|100/100|[from]move: U-turn
|-ability|p1a: Zapdos|Pressure
|move|p2a: Tapu Lele|Moonblast|p1a: Zapdos
|-damage|p1a: Zapdos|49/100
|
|-heal|p1a: Zapdos|55/100|[from] item: Leftovers
|upkeep
|turn|5

|inactive|Dzilkoboy has 120 seconds left.

|
|move|p2a: Tapu Lele|Moonblast|p1a: Zapdos
|-damage|p1a: Zapdos|6/100
|move|p1a: Zapdos|Discharge|p2a: Tapu Lele
|-damage|p2a: Tapu Lele|28/100
|-status|p2a: Tapu Lele|par
|
|-heal|p1a: Zapdos|12/100|[from] item: Leftovers
|upkeep
|turn|6

|
|move|p1a: Zapdos|Discharge|p2a: Tapu Lele
|-damage|p2a: Tapu Lele|0 fnt
|faint|p2a: Tapu Lele
|
|-heal|p1a: Zapdos|18/100|[from] item: Leftovers
|upkeep

|
|switch|p2a: Hawlucha|Hawlucha, F|100/100
|-enditem|p2a: Hawlucha|Psychic Seed
|-boost|p2a: Hawlucha|spd|1
|turn|7

|
|move|p2a: Hawlucha|Swords Dance|p2a: Hawlucha
|-boost|p2a: Hawlucha|atk|2
|move|p1a: Zapdos|Discharge|p2a: Hawlucha
|-supereffective|p2a: Hawlucha
|-damage|p2a: Hawlucha|32/100
|
|-heal|p1a: Zapdos|25/100|[from] item: Leftovers
|-fieldend|move: Psychic Terrain
|upkeep
|turn|8

|
|move|p2a: Hawlucha|Stone Edge|p1a: Zapdos
|-supereffective|p1a: Zapdos
|-damage|p1a: Zapdos|0 fnt
|faint|p1a: Zapdos
|
|upkeep

|
|switch|p1a: Garchomp|Garchomp, M|100/100
|turn|9

|inactive|Dzilkoboy has 120 seconds left.

|inactive|Dzilkoboy has 90 seconds left.

|inactive|Dzilkoboy has 60 seconds left.

|inactive|Dzilkoboy has 30 seconds left.

|inactive|Dzilkoboy has 20 seconds left.

|inactive|Dzilkoboy has 15 seconds left.

|inactive|Dzilkoboy has 10 seconds left.

|inactive|Dzilkoboy has 5 seconds left.

|
|move|p2a: Hawlucha|High Jump Kick|p1a: Garchomp
|-damage|p1a: Garchomp|0 fnt
|-damage|p2a: Hawlucha|19/100|[from] ability: Rough Skin|[of] p1a: Garchomp
|faint|p1a: Garchomp
|
|upkeep

|inactive|Dzilkoboy has 15 seconds left this turn.

|
|switch|p1a: Jirachi|Jirachi|65/100
|turn|10

|inactive|Dzilkoboy has 25 seconds left this turn.

|
|move|p2a: Hawlucha|High Jump Kick|p1a: Jirachi
|-damage|p1a: Jirachi|0 fnt
|faint|p1a: Jirachi
|
|upkeep

|
|switch|p1a: Rotom|Rotom-Wash|100/100
|turn|11

|
|move|p2a: Hawlucha|High Jump Kick|p1a: Rotom
|-damage|p1a: Rotom|0 fnt
|faint|p1a: Rotom
|
|upkeep

|
|switch|p1a: Keldeo|Keldeo-Resolute|100/100
|turn|12

|
|move|p2a: Hawlucha|Acrobatics|p1a: Keldeo
|-supereffective|p1a: Keldeo
|-damage|p1a: Keldeo|0 fnt
|faint|p1a: Keldeo
|
|upkeep

|
|switch|p1a: Absol|Absol-Mega, M|100/100
|turn|13

|
|move|p2a: Hawlucha|High Jump Kick|p1a: Absol
|-supereffective|p1a: Absol
|-damage|p1a: Absol|0 fnt
|faint|p1a: Absol
|
|win|Dzilkoboy