|init|battle
|title|TwetleYT vs. swtswt
|j|☆TwetleYT
|j|‽swtswt
|player|p1|TwetleYT|265|1030
|player|p2|swtswt|1|1000
|teamsize|p1|5
|teamsize|p2|6
|gametype|singles
|gen|7
|tier|[Gen 7] Ubers
|rated|
|rule|Sleep Clause Mod: Limit one foe put to sleep
|rule|Species Clause: Limit one of each Pokémon
|rule|OHKO Clause: OHKO moves are banned
|rule|Moody Clause: Moody is banned
|rule|Evasion Moves Clause: Evasion moves are banned
|rule|Endless Battle Clause: Forcing endless battles is banned
|rule|HP Percentage Mod: HP is shown in percentages
|clearpoke
|poke|p1|Beedrill, F|item
|poke|p1|Forretress, M|item
|poke|p1|Galvantula, M|item
|poke|p1|Smeargle, F|item
|poke|p1|Groudon|item
|poke|p2|Pheromosa|item
|poke|p2|Aegislash, F|item
|poke|p2|Mawile, F|item
|poke|p2|Landorus, M|item
|poke|p2|Garchomp, M|item
|poke|p2|Rotom-Wash|item
|rule|Mega Rayquaza Clause: You cannot mega evolve Rayquaza
|teampreview
|
|start
|switch|p1a: Galvantula|Galvantula, M, shiny|100/100
|switch|p2a: Garchomp|Garchomp, M|100/100
|turn|1

|
|move|p1a: Galvantula|Sticky Web|p2a: Garchomp
|-sidestart|p2: swtswt|move: Sticky Web
|move|p2a: Garchomp|Stealth Rock|p1a: Galvantula
|-sidestart|p1: TwetleYT|move: Stealth Rock
|
|upkeep
|turn|2

|
|move|p1a: Galvantula|Toxic|p2a: Garchomp
|-status|p2a: Garchomp|tox
|move|p2a: Garchomp|Dragon Tail|p1a: Galvantula
|-damage|p1a: Galvantula|54/100
|drag|p1a: Forretress|Forretress, M, shiny|100/100
|-damage|p1a: Forretress|88/100|[from] Stealth Rock
|
|-heal|p1a: Forretress|94/100|[from] item: Leftovers
|-damage|p2a: Garchomp|94/100 tox|[from] psn
|upkeep
|turn|3

|
|move|p2a: Garchomp|Fire Blast|p1a: Forretress
|-supereffective|p1a: Forretress
|-damage|p1a: Forretress|0 fnt
|faint|p1a: Forretress
|
|-damage|p2a: Garchomp|82/100 tox|[from] psn
|upkeep

|
|switch|p1a: Smeargle|Smeargle, F, shiny|100/100
|-damage|p1a: Smeargle|88/100|[from] Stealth Rock
|turn|4

|
|move|p1a: Smeargle|Toxic Thread||[still]
|-unboost|p2a: Garchomp|spe|1
|-fail|p1a: Smeargle
|move|p2a: Garchomp|Dragon Tail|p1a: Smeargle
|-damage|p1a: Smeargle|28/100
|drag|p1a: Big duck bee|Beedrill, F, shiny|100/100
|-damage|p1a: Big duck bee|76/100|[from] Stealth Rock
|
|-damage|p2a: Garchomp|63/100 tox|[from] psn
|upkeep
|turn|5

|
|detailschange|p1a: Big duck bee|Beedrill-Mega, F, shiny
|-mega|p1a: Big duck bee|Beedrill|Beedrillite
|move|p1a: Big duck bee|Fell Stinger|p2a: Garchomp
|-damage|p2a: Garchomp|36/100 tox
|-damage|p1a: Big duck bee|64/100|[from] ability: Rough Skin|[of] p2a: Garchomp
|-damage|p1a: Big duck bee|47/100|[from] item: Rocky Helmet|[of] p2a: Garchomp
|move|p2a: Garchomp|Fire Blast|p1a: Big duck bee
|-supereffective|p1a: Big duck bee
|-damage|p1a: Big duck bee|0 fnt
|faint|p1a: Big duck bee
|
|-damage|p2a: Garchomp|11/100 tox|[from] psn
|upkeep

|-message|TwetleYT forfeited.

|
|win|swtswt