|init|battle
|title|Green is Waifu vs. Ujitsu
|j|☆Green is Waifu
|j|☆Ujitsu
|player|p1|Green is Waifu|zinnia|1363
|player|p2|Ujitsu|169|1380
|teamsize|p1|6
|teamsize|p2|6
|gametype|singles
|gen|7
|tier|[Gen 7] OU (Blitz)
|rated|
|rule|Sleep Clause Mod: Limit one foe put to sleep
|rule|Species Clause: Limit one of each Pokémon
|rule|OHKO Clause: OHKO moves are banned
|rule|Moody Clause: Moody is banned
|rule|Evasion Moves Clause: Evasion moves are banned
|rule|Endless Battle Clause: Forcing endless battles is banned
|rule|HP Percentage Mod: HP is shown in percentages
|clearpoke
|poke|p1|Diancie|item
|poke|p1|Salamence, M|item
|poke|p1|Magnezone|item
|poke|p1|Tapu Lele|item
|poke|p1|Mamoswine, M|item
|poke|p1|Ribombee, F|item
|poke|p2|Mawile, F|item
|poke|p2|Serperior, F|item
|poke|p2|Heatran, F|item
|poke|p2|Zapdos|item
|poke|p2|Landorus-Therian, M|item
|poke|p2|Greninja, F|item
|rule|Blitz: Super-fast timer
|teampreview
|
|start
|switch|p1a: Ribombee|Ribombee, F|100/100
|switch|p2a: Landorus|Landorus-Therian, M|100/100
|-ability|p2a: Landorus|Intimidate|boost
|-unboost|p1a: Ribombee|atk|1
|turn|1
|
|move|p1a: Ribombee|Sticky Web|p2a: Landorus
|-sidestart|p2: Ujitsu|move: Sticky Web
|move|p2a: Landorus|Earthquake|p1a: Ribombee
|-resisted|p1a: Ribombee
|-damage|p1a: Ribombee|43/100
|
|upkeep
|turn|2
|
|move|p1a: Ribombee|Stun Spore|p2a: Landorus
|-status|p2a: Landorus|par
|move|p2a: Landorus|Earthquake|p1a: Ribombee
|-resisted|p1a: Ribombee
|-damage|p1a: Ribombee|0 fnt
|faint|p1a: Ribombee
|
|upkeep
|
|switch|p1a: Mamoswine|Mamoswine, M|100/100
|turn|3
|
|move|p1a: Mamoswine|Icicle Crash|p2a: Landorus
|-supereffective|p2a: Landorus
|-enditem|p2a: Landorus|Focus Sash
|-damage|p2a: Landorus|1/100 par
|-damage|p1a: Mamoswine|91/100|[from] item: Life Orb
|move|p2a: Landorus|Explosion|p1a: Mamoswine
|-damage|p1a: Mamoswine|0 fnt
|faint|p2a: Landorus
|faint|p1a: Mamoswine
|
|upkeep
|
|switch|p2a: Serperior|Serperior, F|100/100
|switch|p1a: Salamence|Salamence, M|100/100
|-activate|p2a: Serperior|move: Sticky Web
|-boost|p2a: Serperior|spe|1
|turn|4

|
|move|p2a: Serperior|Glare|p1a: Salamence
|-status|p1a: Salamence|par
|cant|p1a: Salamence|par
|
|upkeep
|turn|5

|
|switch|p2a: Zapdos|Zapdos|100/100
|move|p1a: Salamence|Dragon Dance|p1a: Salamence
|-boost|p1a: Salamence|atk|1
|-boost|p1a: Salamence|spe|1
|
|upkeep
|turn|6

|
|move|p1a: Salamence|Substitute|p1a: Salamence
|-start|p1a: Salamence|Substitute
|-damage|p1a: Salamence|76/100 par
|move|p2a: Zapdos|Defog|p1a: Salamence
|-sideend|p2: Ujitsu|Sticky Web|[from] move: Defog|[of] p2a: Zapdos
|
|upkeep
|turn|7

|
|move|p1a: Salamence|Dragon Dance|p1a: Salamence
|-boost|p1a: Salamence|atk|1
|-boost|p1a: Salamence|spe|1
|move|p2a: Zapdos|Discharge|p1a: Salamence
|-end|p1a: Salamence|Substitute
|
|upkeep
|turn|8

|
|cant|p1a: Salamence|par
|move|p2a: Zapdos|Discharge|p1a: Salamence
|-damage|p1a: Salamence|34/100 par
|
|upkeep
|turn|9

|
|cant|p1a: Salamence|par
|move|p2a: Zapdos|Discharge|p1a: Salamence
|-crit|p1a: Salamence
|-damage|p1a: Salamence|0 fnt
|faint|p1a: Salamence
|
|upkeep

|-message|Green is Waifu forfeited.

|
|win|Ujitsu