|init|battle
|title|lupiit vs. julienkyrie
|j|☆lupiit
|j|☆julienkyrie
|player|p1|lupiit|262|1266
|player|p2|julienkyrie|1|1231
|teamsize|p1|6
|teamsize|p2|6
|gametype|singles
|gen|7
|tier|[Gen 7] OU
|rated|
|rule|Sleep Clause Mod: Limit one foe put to sleep
|rule|Species Clause: Limit one of each Pokémon
|rule|OHKO Clause: OHKO moves are banned
|rule|Moody Clause: Moody is banned
|rule|Evasion Moves Clause: Evasion moves are banned
|rule|Endless Battle Clause: Forcing endless battles is banned
|rule|HP Percentage Mod: HP is shown in percentages
|clearpoke
|poke|p1|Zapdos|item
|poke|p1|Toxapex, F|item
|poke|p1|Tapu Bulu|item
|poke|p1|Smeargle, F|item
|poke|p1|Volcarona, M|item
|poke|p1|Chandelure, M|item
|poke|p2|Alakazam, F|item
|poke|p2|Hoopa-Unbound|item
|poke|p2|Garchomp, F|item
|poke|p2|Keldeo|item
|poke|p2|Ferrothorn, M|item
|poke|p2|Zapdos|item
|teampreview

|inactive|Battle timer is ON: inactive players will automatically lose when time's up. (requested by julienkyrie)

|
|start
|switch|p1a: Volcarona|Volcarona, M|100/100
|switch|p2a: Garchomp|Garchomp, F|100/100
|turn|1

|
|move|p2a: Garchomp|Earthquake|p1a: Volcarona
|-damage|p1a: Volcarona|53/100
|move|p1a: Volcarona|Toxic|p2a: Garchomp|[miss]
|-miss|p1a: Volcarona|p2a: Garchomp
|
|upkeep
|turn|2

|
|switch|p1a: Tapu Bulu|Tapu Bulu|100/100
|-fieldstart|move: Grassy Terrain|[from] ability: Grassy Surge|[of] p1a: Tapu Bulu
|-zpower|p2a: Garchomp
|move|p2a: Garchomp|Continental Crush|p1a: Tapu Bulu|[zeffect]
|-damage|p1a: Tapu Bulu|56/100
|
|-heal|p1a: Tapu Bulu|62/100|[from] Grassy Terrain
|upkeep
|turn|3

|
|move|p2a: Garchomp|Stealth Rock|p1a: Tapu Bulu
|-sidestart|p1: lupiit|move: Stealth Rock
|move|p1a: Tapu Bulu|Superpower|p2a: Garchomp
|-damage|p2a: Garchomp|49/100
|-damage|p1a: Tapu Bulu|50/100|[from] ability: Rough Skin|[of] p2a: Garchomp
|-unboost|p1a: Tapu Bulu|atk|1
|-unboost|p1a: Tapu Bulu|def|1
|-damage|p1a: Tapu Bulu|40/100|[from] item: Life Orb
|
|-heal|p2a: Garchomp|55/100|[from] Grassy Terrain
|-heal|p1a: Tapu Bulu|46/100|[from] Grassy Terrain
|upkeep
|turn|4

|
|switch|p1a: Toxapex|Toxapex, F|100/100
|-damage|p1a: Toxapex|88/100|[from] Stealth Rock
|move|p2a: Garchomp|Swords Dance|p2a: Garchomp
|-boost|p2a: Garchomp|atk|2
|
|-heal|p2a: Garchomp|61/100|[from] Grassy Terrain
|-heal|p1a: Toxapex|94/100|[from] Grassy Terrain
|upkeep
|turn|5

|
|move|p2a: Garchomp|Earthquake|p1a: Toxapex
|-supereffective|p1a: Toxapex
|-damage|p1a: Toxapex|0 fnt
|faint|p1a: Toxapex
|
|-heal|p2a: Garchomp|67/100|[from] Grassy Terrain
|upkeep

|
|switch|p1a: Chandelure|Chandelure, M|100/100
|-damage|p1a: Chandelure|76/100|[from] Stealth Rock
|turn|6

|
|move|p1a: Chandelure|Energy Ball|p2a: Garchomp
|-damage|p2a: Garchomp|8/100
|move|p2a: Garchomp|Earthquake|p1a: Chandelure
|-supereffective|p1a: Chandelure
|-damage|p1a: Chandelure|0 fnt
|faint|p1a: Chandelure
|
|-heal|p2a: Garchomp|14/100|[from] Grassy Terrain
|-fieldend|move: Grassy Terrain
|upkeep

|c|☆lupiit|dat toxic miss doe

|-message|lupiit forfeited.

|
|win|julienkyrie