|init|battle
|title|Mmeell vs. pimpdaddyquagsire
|j|☆Mmeell
|j|☆pimpdaddyquagsire
|player|p1|Mmeell|76|1113
|player|p2|pimpdaddyquagsire|262|1096
|teamsize|p1|6
|teamsize|p2|6
|gametype|singles
|gen|7
|tier|[Gen 7] OU
|rated|
|rule|Sleep Clause Mod: Limit one foe put to sleep
|rule|Species Clause: Limit one of each Pokémon
|rule|OHKO Clause: OHKO moves are banned
|rule|Moody Clause: Moody is banned
|rule|Evasion Moves Clause: Evasion moves are banned
|rule|Endless Battle Clause: Forcing endless battles is banned
|rule|HP Percentage Mod: HP is shown in percentages
|clearpoke
|poke|p1|Salamence, F|item
|poke|p1|Gardevoir, M|item
|poke|p1|Tyranitar, F|item
|poke|p1|Linoone, F|item
|poke|p1|Poliwrath, M|item
|poke|p1|Blacephalon|item
|poke|p2|Tyranitar, M|item
|poke|p2|Diancie|item
|poke|p2|Landorus-Therian, M|item
|poke|p2|Kartana|item
|poke|p2|Charizard, M|item
|poke|p2|Rotom-Wash|item
|teampreview
|inactive|Battle timer is ON: inactive players will automatically lose when time's up. (requested by Mmeell)
|
|start
|switch|p1a: Poliwrath|Poliwrath, M|100/100
|switch|p2a: Tyranitar|Tyranitar, M|100/100
|-weather|Sandstorm|[from] ability: Sand Stream|[of] p2a: Tyranitar
|turn|1
|
|move|p2a: Tyranitar|Stealth Rock|p1a: Poliwrath
|-sidestart|p1: Mmeell|move: Stealth Rock
|move|p1a: Poliwrath|Circle Throw|p2a: Tyranitar
|-supereffective|p2a: Tyranitar
|-damage|p2a: Tyranitar|0 fnt
|faint|p2a: Tyranitar
|
|-weather|Sandstorm|[upkeep]
|-damage|p1a: Poliwrath|94/100|[from] Sandstorm
|upkeep

|inactive|pimpdaddyquagsire has 120 seconds left.

|
|switch|p2a: Kartana|Kartana|100/100
|turn|2

|
|switch|p1a: Blacephalon|Blacephalon|100/100
|-damage|p1a: Blacephalon|76/100|[from] Stealth Rock
|move|p2a: Kartana|Leaf Blade|p1a: Blacephalon
|-resisted|p1a: Blacephalon
|-damage|p1a: Blacephalon|0 fnt
|-damage|p2a: Kartana|91/100|[from] item: Life Orb
|faint|p1a: Blacephalon
|-ability|p2a: Kartana|Beast Boost|boost
|-boost|p2a: Kartana|atk|1
|
|-weather|Sandstorm|[upkeep]
|upkeep

|
|switch|p1a: Linoone|Linoone, F|100/100
|-damage|p1a: Linoone|88/100|[from] Stealth Rock
|turn|3

|
|move|p2a: Kartana|Leaf Blade|p1a: Linoone
|-damage|p1a: Linoone|0 fnt
|-damage|p2a: Kartana|81/100|[from] item: Life Orb
|faint|p1a: Linoone
|-ability|p2a: Kartana|Beast Boost|boost
|-boost|p2a: Kartana|atk|1
|
|-weather|Sandstorm|[upkeep]
|upkeep

|
|switch|p1a: Salamence|Salamence, F|100/100
|-damage|p1a: Salamence|76/100|[from] Stealth Rock
|-ability|p1a: Salamence|Intimidate|boost
|-unboost|p2a: Kartana|atk|1
|turn|4

|
|switch|p2a: Diancie|Diancie|100/100
|move|p1a: Salamence|Earthquake|p2a: Diancie
|-supereffective|p2a: Diancie
|-damage|p2a: Diancie|33/100
|
|-weather|Sandstorm|[upkeep]
|-damage|p1a: Salamence|70/100|[from] Sandstorm
|upkeep
|turn|5

|
|detailschange|p2a: Diancie|Diancie-Mega
|-mega|p2a: Diancie|Diancie|Diancite
|move|p2a: Diancie|Diamond Storm|p1a: Salamence
|-supereffective|p1a: Salamence
|-damage|p1a: Salamence|0 fnt
|-boost|p2a: Diancie|def|2
|faint|p1a: Salamence
|
|-weather|none
|upkeep

|
|switch|p1a: Gardevoir|Gardevoir, M|100/100
|-damage|p1a: Gardevoir|88/100|[from] Stealth Rock
|-ability|p1a: Gardevoir|Magic Bounce|[from] ability: Trace|[of] p2a: Diancie
|turn|6

|
|move|p2a: Diancie|Diamond Storm|p1a: Gardevoir
|-damage|p1a: Gardevoir|0 fnt
|-boost|p2a: Diancie|def|2
|faint|p1a: Gardevoir
|
|upkeep

|-message|Mmeell forfeited.

|
|win|pimpdaddyquagsire