|init|battle
|title|Nikkisteam vs. Bambino47
|j|☆Nikkisteam
|j|☆Bambino47
|player|p1|Nikkisteam|1|1079
|player|p2|Bambino47|2|1071
|teamsize|p1|6
|teamsize|p2|6
|gametype|singles
|gen|7
|tier|[Gen 7] OU
|rated|
|rule|Sleep Clause Mod: Limit one foe put to sleep
|rule|Species Clause: Limit one of each Pokémon
|rule|OHKO Clause: OHKO moves are banned
|rule|Moody Clause: Moody is banned
|rule|Evasion Moves Clause: Evasion moves are banned
|rule|Endless Battle Clause: Forcing endless battles is banned
|rule|HP Percentage Mod: HP is shown in percentages
|clearpoke
|poke|p1|Hawlucha, F|item
|poke|p1|Tapu Lele|item
|poke|p1|Incineroar, F|item
|poke|p1|Tyranitar, F|item
|poke|p1|Kartana|item
|poke|p1|Venusaur, M|item
|poke|p2|Alakazam, F|item
|poke|p2|Zeraora|item
|poke|p2|Kyurem-Black|item
|poke|p2|Kartana|item
|poke|p2|Gengar, F|item
|poke|p2|Volcarona, M|item
|teampreview
|inactive|Battle timer is ON: inactive players will automatically lose when time's up. (requested by Nikkisteam)
|
|start
|switch|p1a: Incineroar|Incineroar, F|100/100
|switch|p2a: Volcarona|Volcarona, M|100/100
|-ability|p1a: Incineroar|Intimidate|boost
|-unboost|p2a: Volcarona|atk|1
|turn|1
|
|move|p1a: Incineroar|Fake Out|p2a: Volcarona
|-damage|p2a: Volcarona|81/100
|cant|p2a: Volcarona|flinch
|
|-heal|p2a: Volcarona|87/100|[from] item: Leftovers
|upkeep
|turn|2

|c|☆Bambino47|make a move hoe

|
|move|p2a: Volcarona|U-turn|p1a: Incineroar
|-damage|p1a: Incineroar|89/100

|
|switch|p2a: Gengar|Gengar, F|100/100|[from]move: U-turn
|move|p1a: Incineroar|Darkest Lariat|p2a: Gengar
|-supereffective|p2a: Gengar
|-damage|p2a: Gengar|0 fnt
|faint|p2a: Gengar
|
|upkeep

|
|switch|p2a: Kartana|Kartana|100/100
|turn|3

|
|move|p2a: Kartana|Sacred Sword|p1a: Incineroar
|-supereffective|p1a: Incineroar
|-damage|p1a: Incineroar|6/100
|move|p1a: Incineroar|Flame Charge|p2a: Kartana
|-supereffective|p2a: Kartana
|-damage|p2a: Kartana|6/100
|-boost|p1a: Incineroar|spe|1
|
|-heal|p2a: Kartana|12/100|[from] item: Leftovers
|upkeep
|turn|4

|
|move|p1a: Incineroar|Flame Charge|p2a: Kartana
|-supereffective|p2a: Kartana
|-damage|p2a: Kartana|0 fnt
|-boost|p1a: Incineroar|spe|1
|faint|p2a: Kartana
|
|upkeep

|
|switch|p2a: Alakazam|Alakazam, F|100/100
|turn|5

|
|detailschange|p2a: Alakazam|Alakazam-Mega, F
|-mega|p2a: Alakazam|Alakazam|Alakazite
|-ability|p2a: Alakazam|Intimidate|[from] ability: Trace|[of] p1a: Incineroar
|-ability|p2a: Alakazam|Intimidate|boost
|-unboost|p1a: Incineroar|atk|1
|move|p1a: Incineroar|Darkest Lariat|p2a: Alakazam
|-supereffective|p2a: Alakazam
|-damage|p2a: Alakazam|0 fnt
|faint|p2a: Alakazam
|
|upkeep

|-message|Bambino47 forfeited.

|
|win|Nikkisteam