|init|battle
|title|c0rumba vs. shabaodd
|j|☆c0rumba
|j|☆shabaodd
|player|p1|c0rumba|122|1784
|player|p2|shabaodd|7|1783
|teamsize|p1|6
|teamsize|p2|6
|gametype|singles
|gen|7
|tier|[Gen 7] OU
|rated|
|rule|Sleep Clause Mod: Limit one foe put to sleep
|rule|Species Clause: Limit one of each Pokémon
|rule|OHKO Clause: OHKO moves are banned
|rule|Moody Clause: Moody is banned
|rule|Evasion Moves Clause: Evasion moves are banned
|rule|Endless Battle Clause: Forcing endless battles is banned
|rule|HP Percentage Mod: HP is shown in percentages
|clearpoke
|poke|p1|Shuckle, M|item
|poke|p1|Haxorus, F|item
|poke|p1|Charizard, F|item
|poke|p1|Diggersby, M|item
|poke|p1|Greninja, M|item
|poke|p1|Celesteela|item
|poke|p2|Garchomp, M|item
|poke|p2|Medicham, F|item
|poke|p2|Thundurus-Therian, M|item
|poke|p2|Kartana|item
|poke|p2|Tapu Bulu|item
|poke|p2|Greninja, M|item
|teampreview

|
|start
|switch|p1a: Shuckle|Shuckle, M|100/100
|switch|p2a: Medicham|Medicham, F|100/100
|turn|1

|inactive|Battle timer is ON: inactive players will automatically lose when time's up. (requested by shabaodd)

|
|detailschange|p2a: Medicham|Medicham-Mega, F
|-mega|p2a: Medicham|Medicham|Medichamite
|move|p2a: Medicham|Fake Out|p1a: Shuckle
|-resisted|p1a: Shuckle
|-damage|p1a: Shuckle|93/100
|cant|p1a: Shuckle|flinch
|
|upkeep
|turn|2

|
|move|p2a: Medicham|High Jump Kick|p1a: Shuckle|[miss]
|-miss|p2a: Medicham|p1a: Shuckle
|-damage|p2a: Medicham|51/100|[from] highjumpkick
|move|p1a: Shuckle|Sticky Web|p2a: Medicham
|-sidestart|p2: shabaodd|move: Sticky Web
|
|upkeep
|turn|3

|
|move|p2a: Medicham|High Jump Kick|p1a: Shuckle
|-damage|p1a: Shuckle|23/100
|move|p1a: Shuckle|Stealth Rock|p2a: Medicham
|-sidestart|p2: shabaodd|move: Stealth Rock
|
|upkeep
|turn|4

|-enditem|p1a: Shuckle|Custap Berry|[eat]
|-activate|p1a: Shuckle|item: Custap Berry|[consumed]
|
|move|p1a: Shuckle|Final Gambit|p2a: Medicham
|-damage|p2a: Medicham|30/100
|faint|p1a: Shuckle
|move|p2a: Medicham|Ice Punch|p1: Shuckle|[notarget]
|-fail|p2a: Medicham
|
|upkeep

|
|switch|p1a: Greninja|Greninja, M|100/100
|turn|5

|
|switch|p2a: Tapu Bulu|Tapu Bulu|100/100
|-damage|p2a: Tapu Bulu|88/100|[from] Stealth Rock
|-activate|p2a: Tapu Bulu|move: Sticky Web
|-unboost|p2a: Tapu Bulu|spe|1
|-fieldstart|move: Grassy Terrain|[from] ability: Grassy Surge|[of] p2a: Tapu Bulu
|move|p1a: Greninja|Ice Beam|p2a: Tapu Bulu
|-start|p1a: Greninja|typechange|Ice|[from] ability: Protean
|-supereffective|p2a: Tapu Bulu
|-damage|p2a: Tapu Bulu|9/100
|-damage|p1a: Greninja|91/100|[from] item: Life Orb
|
|-heal|p1a: Greninja|97/100|[from] Grassy Terrain
|-heal|p2a: Tapu Bulu|15/100|[from] item: Leftovers
|-heal|p2a: Tapu Bulu|21/100|[from] Grassy Terrain
|upkeep
|turn|6

|
|move|p2a: Tapu Bulu|Protect|p2a: Tapu Bulu
|-singleturn|p2a: Tapu Bulu|Protect
|move|p1a: Greninja|Ice Beam|p2a: Tapu Bulu
|-activate|p2a: Tapu Bulu|move: Protect
|
|-heal|p1a: Greninja|100/100|[from] Grassy Terrain
|-heal|p2a: Tapu Bulu|27/100|[from] item: Leftovers
|-heal|p2a: Tapu Bulu|33/100|[from] Grassy Terrain
|upkeep
|turn|7

|
|switch|p2a: Greninja|Greninja, M|100/100
|-damage|p2a: Greninja|88/100|[from] Stealth Rock
|-activate|p2a: Greninja|move: Sticky Web
|-unboost|p2a: Greninja|spe|1
|move|p1a: Greninja|Ice Beam|p2a: Greninja
|-resisted|p2a: Greninja
|-damage|p2a: Greninja|47/100
|-damage|p1a: Greninja|91/100|[from] item: Life Orb
|
|-heal|p1a: Greninja|97/100|[from] Grassy Terrain
|-heal|p2a: Greninja|53/100|[from] Grassy Terrain
|upkeep
|turn|8

|
|move|p1a: Greninja|Gunk Shot|p2a: Greninja
|-start|p1a: Greninja|typechange|Poison|[from] ability: Protean
|-damage|p2a: Greninja|0 fnt
|-damage|p1a: Greninja|87/100|[from] item: Life Orb
|faint|p2a: Greninja
|
|-heal|p1a: Greninja|93/100|[from] Grassy Terrain
|upkeep

|-message|shabaodd forfeited.

|
|win|c0rumba