|init|battle
|title|Helpppppp vs. lordpoporulerofall
|j|☆Helpppppp
|j|☆lordpoporulerofall
|player|p1|Helpppppp|256|1029
|player|p2|lordpoporulerofall|102|1056
|teamsize|p1|2
|teamsize|p2|6
|gametype|singles
|gen|7
|tier|[Gen 7] Balanced Hackmons
|rated|
|rule|Ability Clause: Limit two of each ability
|rule|OHKO Clause: OHKO moves are banned
|rule|Evasion Moves Clause: Evasion moves are banned
|rule|CFZ Clause: Crystal-free Z-Moves are banned
|rule|Sleep Clause Mod: Limit one foe put to sleep
|rule|Endless Battle Clause: Forcing endless battles is banned
|rule|HP Percentage Mod: HP is shown in percentages
|clearpoke
|poke|p1|Kyogre-Primal|item
|poke|p1|Registeel|item
|poke|p2|Mewtwo-Mega-Y|item
|poke|p2|Zygarde-Complete|item
|poke|p2|Aron, L1, M|item
|poke|p2|Rayquaza-Mega|item
|poke|p2|Shedinja|item
|poke|p2|Kartana|item
|teampreview
|inactive|Battle timer is ON: inactive players will automatically lose when time's up. (requested by lordpoporulerofall)
|
|start
|switch|p1a: Registeel|Registeel|100/100
|switch|p2a: Shedinja|Shedinja|100/100
|turn|1
|
|move|p1a: Registeel|Sticky Web|p2a: Shedinja
|-sidestart|p2: lordpoporulerofall|move: Sticky Web
|move|p2a: Shedinja|Endeavor|p1a: Registeel
|-damage|p1a: Registeel|1/100
|
|-heal|p1a: Registeel|7/100|[from] item: Leftovers
|upkeep
|turn|2
|
|move|p1a: Registeel|Stealth Rock|p2a: Shedinja
|-sidestart|p2: lordpoporulerofall|move: Stealth Rock
|move|p2a: Shedinja|Swords Dance|p2a: Shedinja
|-boost|p2a: Shedinja|atk|2
|
|-heal|p1a: Registeel|13/100|[from] item: Leftovers
|upkeep
|turn|3
|
|move|p1a: Registeel|Toxic|p2a: Shedinja
|-status|p2a: Shedinja|tox
|move|p2a: Shedinja|Endeavor|p1a: Registeel
|-damage|p1a: Registeel|1/100
|
|-heal|p1a: Registeel|7/100|[from] item: Leftovers
|-damage|p2a: Shedinja|0 fnt|[from] psn
|faint|p2a: Shedinja
|upkeep

|
|switch|p2a: Rayquaza|Rayquaza-Mega|100/100
|-damage|p2a: Rayquaza|76/100|[from] Stealth Rock
|turn|4

|
|move|p2a: Rayquaza|Moongeist Beam|p1a: Registeel
|-damage|p1a: Registeel|0 fnt
|faint|p1a: Registeel
|
|upkeep

|
|switch|p1a: Kyogre|Kyogre-Primal, shiny|100/100
|turn|5

|
|move|p2a: Rayquaza|Spore|p1a: Kyogre
|-status|p1a: Kyogre|slp|[from] move: Spore
|cant|p1a: Kyogre|slp
|
|upkeep
|turn|6

|
|move|p2a: Rayquaza|Tail Glow|p2a: Rayquaza
|-boost|p2a: Rayquaza|spa|3
|cant|p1a: Kyogre|slp
|
|upkeep
|turn|7

|
|move|p2a: Rayquaza|Tail Glow|p2a: Rayquaza
|-boost|p2a: Rayquaza|spa|3
|-curestatus|p1a: Kyogre|slp|[msg]
|move|p1a: Kyogre|Tail Glow|p1a: Kyogre
|-boost|p1a: Kyogre|spa|6
|
|upkeep
|turn|8

|c|☆lordpoporulerofall|can you explain why tallow goes to max sp atk?

|inactive|lordpoporulerofall has 120 seconds left.

|
|move|p2a: Rayquaza|Moongeist Beam|p1a: Kyogre
|-damage|p1a: Kyogre|19/100
|move|p1a: Kyogre|Ice Beam|p2a: Rayquaza
|-supereffective|p2a: Rayquaza
|-damage|p2a: Rayquaza|0 fnt
|faint|p2a: Rayquaza
|
|upkeep

|c|☆Helpppppp|Simple

|inactive|lordpoporulerofall has 120 seconds left.

|
|switch|p2a: Aron|Aron, L1, M, shiny|100/100
|-damage|p2a: Aron|92/100|[from] Stealth Rock
|-activate|p2a: Aron|move: Sticky Web
|-unboost|p2a: Aron|spe|1
|turn|9

|c|☆Helpppppp|!data Simple
|raw|<ul class="utilichart"><li class="result"><span class="col namecol"><a href="https://dex.pokemonshowdown.com/abilities/simple">Simple</a></span> <span class="col abilitydesccol">When this Pokemon's stat stages are raised or lowered, the effect is doubled instead.</span> </li><li style="clear:both"></li></ul>


|c|☆Helpppppp|doesn't work for abilities :(

|c|☆lordpoporulerofall|ow yeah

|c|☆Helpppppp|but i doubles every boost

|
|move|p1a: Kyogre|Ice Beam|p2a: Aron
|-resisted|p2a: Aron
|-damage|p2a: Aron|0 fnt
|faint|p2a: Aron
|
|upkeep

|
|switch|p2a: Kartana|Kartana|100/100
|-activate|p2a: Kartana|move: Sticky Web
|-unboost|p2a: Kartana|spe|1
|-damage|p2a: Kartana|94/100|[from] Stealth Rock
|turn|10

|
|move|p1a: Kyogre|Ice Beam|p2a: Kartana
|-damage|p2a: Kartana|0 fnt
|faint|p2a: Kartana
|
|upkeep

|
|switch|p2a: Mewtwo|Mewtwo-Mega-Y|100/100
|-activate|p2a: Mewtwo|move: Sticky Web
|-unboost|p2a: Mewtwo|spe|1
|-damage|p2a: Mewtwo|88/100|[from] Stealth Rock
|turn|11

|
|move|p1a: Kyogre|Ice Beam|p2a: Mewtwo
|-damage|p2a: Mewtwo|0 fnt
|faint|p2a: Mewtwo
|
|upkeep

|-message|lordpoporulerofall forfeited.

|
|win|Helpppppp