|init|battle
|title|J balvinp vs. thebigbigbeet
|j|☆J balvinp
|j|☆thebigbigbeet
|player|p1|J balvinp|170|1599
|player|p2|thebigbigbeet|78|1544
|teamsize|p1|6
|teamsize|p2|6
|gametype|singles
|gen|7
|tier|[Gen 7] Random Battle
|rated|
|rule|Sleep Clause Mod: Limit one foe put to sleep
|rule|HP Percentage Mod: HP is shown in percentages
|
|start
|switch|p1a: Spinda|Spinda, L89, M|100/100
|switch|p2a: Linoone|Linoone, L83, F|100/100
|turn|1
|
|move|p2a: Linoone|Belly Drum|p2a: Linoone
|-damage|p2a: Linoone|50/100
|-setboost|p2a: Linoone|atk|6|[from] move: Belly Drum
|-enditem|p2a: Linoone|Aguav Berry|[eat]
|-heal|p2a: Linoone|100/100|[from] item: Aguav Berry
|move|p1a: Spinda|Superpower|p2a: Linoone
|-supereffective|p2a: Linoone
|-damage|p2a: Linoone|30/100
|-boost|p1a: Spinda|atk|1
|-boost|p1a: Spinda|def|1
|
|upkeep
|turn|2
|inactive|Battle timer is ON: inactive players will automatically lose when time's up. (requested by thebigbigbeet)
|
|move|p2a: Linoone|Extreme Speed|p1a: Spinda
|-damage|p1a: Spinda|17/100
|move|p1a: Spinda|Superpower|p2a: Linoone
|-supereffective|p2a: Linoone
|-damage|p2a: Linoone|0 fnt
|-boost|p1a: Spinda|atk|1
|-boost|p1a: Spinda|def|1
|faint|p2a: Linoone
|
|upkeep
|
|switch|p2a: Marshadow|Marshadow, L78|100/100
|turn|3
|
|move|p2a: Marshadow|Bulk Up|p2a: Marshadow
|-boost|p2a: Marshadow|atk|1
|-boost|p2a: Marshadow|def|1
|move|p1a: Spinda|Trick Room|p1a: Spinda
|-fieldstart|move: Trick Room|[of] p1a: Spinda
|
|upkeep
|turn|4
|
|move|p1a: Spinda|Sucker Punch|p2a: Marshadow
|-damage|p2a: Marshadow|80/100
|move|p2a: Marshadow|Close Combat|p1a: Spinda
|-supereffective|p1a: Spinda
|-damage|p1a: Spinda|0 fnt
|-unboost|p2a: Marshadow|def|1
|-unboost|p2a: Marshadow|spd|1
|faint|p1a: Spinda
|
|upkeep

|
|switch|p1a: Gardevoir|Gardevoir, L81, M|100/100
|-ability|p1a: Gardevoir|Technician|[from] ability: Trace|[of] p2a: Marshadow
|turn|5

|
|detailschange|p1a: Gardevoir|Gardevoir-Mega, L81, M
|-mega|p1a: Gardevoir|Gardevoir|Gardevoirite
|move|p2a: Marshadow|Shadow Sneak|p1a: Gardevoir
|-supereffective|p1a: Gardevoir
|-damage|p1a: Gardevoir|0 fnt
|faint|p1a: Gardevoir
|
|upkeep

|inactive|J balvinp has 120 seconds left.

|
|switch|p1a: Kyurem|Kyurem-Black, L80|100/100
|-ability|p1a: Kyurem|Teravolt
|turn|6

|
|switch|p2a: Slowbro|Slowbro, L83, F|100/100
|move|p1a: Kyurem|Ice Beam|p2a: Slowbro
|-resisted|p2a: Slowbro
|-damage|p2a: Slowbro|83/100
|
|upkeep
|turn|7

|inactive|J balvinp has 120 seconds left.

|inactive|J balvinp has 90 seconds left.

|inactive|J balvinp has 60 seconds left.

|inactive|J balvinp has 30 seconds left.

|inactive|J balvinp has 20 seconds left.

|inactive|J balvinp has 15 seconds left.

|inactive|J balvinp has 10 seconds left.

|inactive|J balvinp has 5 seconds left.

|-message|J balvinp lost due to inactivity.
|
|win|thebigbigbeet