|init|battle
|title|TaoTDW vs. cheeseisforever
|j|☆TaoTDW
|j|☆cheeseisforever
|player|p1|TaoTDW|lance-gen1rb|1042
|player|p2|cheeseisforever|101|1100
|teamsize|p1|6
|teamsize|p2|6
|gametype|singles
|gen|7
|tier|[Gen 7] Linked
|rated|
|rule|Sleep Clause Mod: Limit one foe put to sleep
|rule|Species Clause: Limit one of each Pokémon
|rule|OHKO Clause: OHKO moves are banned
|rule|Moody Clause: Moody is banned
|rule|Evasion Moves Clause: Evasion moves are banned
|rule|Endless Battle Clause: Forcing endless battles is banned
|rule|HP Percentage Mod: HP is shown in percentages
|clearpoke
|poke|p1|Jirachi|item
|poke|p1|Shuckle, M|item
|poke|p1|Pinsir, M|item
|poke|p1|Bisharp, M|item
|poke|p1|Greninja, M|item
|poke|p1|Tapu Koko|item
|poke|p2|Shuckle, M|item
|poke|p2|Greninja, M|item
|poke|p2|Pinsir, F|item
|poke|p2|Magearna|item
|poke|p2|Heatran, F|item
|poke|p2|Keldeo|item
|teampreview
|
|start
|switch|p1a: Greninja|Greninja, M|100/100
|switch|p2a: Greninja|Greninja, M|100/100
|turn|1
|
|move|p2a: Greninja|Surf|p1a: Greninja
|-resisted|p1a: Greninja
|-damage|p1a: Greninja|64/100
|move|p2a: Greninja|Scald|p1a: Greninja
|-resisted|p1a: Greninja
|-damage|p1a: Greninja|33/100
|-status|p1a: Greninja|brn
|move|p1a: Greninja|Work Up|p1a: Greninja
|-boost|p1a: Greninja|atk|1
|-boost|p1a: Greninja|spa|1
|move|p1a: Greninja|Hydro Pump|p2a: Greninja
|-resisted|p2a: Greninja
|-crit|p2a: Greninja
|-damage|p2a: Greninja|11/100
|
|-damage|p1a: Greninja|27/100 brn|[from] brn
|upkeep
|turn|2

|inactive|Battle timer is ON: inactive players will automatically lose when time's up. (requested by TaoTDW)

|
|move|p1a: Greninja|Water Shuriken|p2a: Greninja
|-resisted|p2a: Greninja
|-crit|p2a: Greninja
|-damage|p2a: Greninja|0 fnt
|-hitcount|p2a: Greninja|1
|faint|p2a: Greninja
|-activate|p1a: Greninja|ability: Battle Bond
|detailschange|p1a: Greninja|Greninja-Ash, M
|
|-damage|p1a: Greninja|21/100 brn|[from] brn
|upkeep

|
|switch|p2a: Pinsir|Pinsir, F|100/100
|turn|3

|
|detailschange|p2a: Pinsir|Pinsir-Mega, F
|-mega|p2a: Pinsir|Pinsir|Pinsirite
|move|p1a: Greninja|Water Shuriken|p2a: Pinsir
|-damage|p2a: Pinsir|75/100
|-damage|p2a: Pinsir|51/100
|-damage|p2a: Pinsir|29/100
|-hitcount|p2a: Pinsir|3
|move|p2a: Pinsir|Feint|p1a: Greninja
|-damage|p1a: Greninja|0 fnt
|faint|p1a: Greninja
|move|p2a: Pinsir|Quick Attack|p1: Greninja|[notarget]
|-fail|p2a: Pinsir
|
|upkeep

|
|switch|p1a: Shuckle|Shuckle, M, shiny|100/100
|turn|4

|
|switch|p2a: Keldeo|Keldeo|100/100
|move|p1a: Shuckle|Stealth Rock|p2a: Keldeo
|-sidestart|p2: cheeseisforever|move: Stealth Rock
|move|p1a: Shuckle|Sticky Web|p2a: Keldeo
|-sidestart|p2: cheeseisforever|move: Sticky Web
|
|upkeep
|turn|5

|
|move|p2a: Keldeo|Scald|p1a: Shuckle
|-supereffective|p1a: Shuckle
|-damage|p1a: Shuckle|38/100
|-status|p1a: Shuckle|brn
|-damage|p2a: Keldeo|91/100|[from] item: Life Orb
|move|p2a: Keldeo|Secret Sword|p1a: Shuckle
|-damage|p1a: Shuckle|0 fnt
|-damage|p2a: Keldeo|81/100|[from] item: Life Orb
|faint|p1a: Shuckle
|
|upkeep

|
|switch|p1a: Tapu Koko|Tapu Koko|100/100
|-fieldstart|move: Electric Terrain|[from] ability: Electric Surge|[of] p1a: Tapu Koko
|turn|6

|
|move|p1a: Tapu Koko|Thunderbolt|p2a: Keldeo
|-supereffective|p2a: Keldeo
|-damage|p2a: Keldeo|0 fnt
|faint|p2a: Keldeo
|
|upkeep

|
|switch|p2a: Shuckle|Shuckle, M|100/100
|-damage|p2a: Shuckle|76/100|[from] Stealth Rock
|-activate|p2a: Shuckle|move: Sticky Web
|-unboost|p2a: Shuckle|spe|1
|turn|7

|
|switch|p1a: Pinsir|Pinsir, M, shiny|100/100
|move|p2a: Shuckle|Sticky Web|p1a: Pinsir
|-sidestart|p1: TaoTDW|move: Sticky Web
|move|p2a: Shuckle|Stealth Rock|p1a: Pinsir
|-sidestart|p1: TaoTDW|move: Stealth Rock
|
|upkeep
|turn|8

|
|detailschange|p1a: Pinsir|Pinsir-Mega, M, shiny
|-mega|p1a: Pinsir|Pinsir|Pinsirite
|move|p1a: Pinsir|Swords Dance|p1a: Pinsir
|-boost|p1a: Pinsir|atk|2
|move|p1a: Pinsir|Return|p2a: Shuckle
|-damage|p2a: Shuckle|0 fnt
|-damage|p1a: Pinsir|84/100|[from] item: Rocky Helmet|[of] p2a: Shuckle
|faint|p2a: Shuckle
|
|upkeep

|
|switch|p2a: Pinsir|Pinsir-Mega, F|29/100
|-damage|p2a: Pinsir|0 fnt|[from] Stealth Rock
|faint|p2a: Pinsir

|-message|cheeseisforever forfeited.

|
|win|TaoTDW