|init|battle
|title|Silly Pink Hippo vs. morsilevy
|j|☆Silly Pink Hippo
|j|☆morsilevy
|player|p1|Silly Pink Hippo|2|1106
|player|p2|morsilevy|247|1092
|teamsize|p1|6
|teamsize|p2|6
|gametype|singles
|gen|7
|tier|[Gen 7] OU
|rated|
|rule|Sleep Clause Mod: Limit one foe put to sleep
|rule|Species Clause: Limit one of each Pokémon
|rule|OHKO Clause: OHKO moves are banned
|rule|Moody Clause: Moody is banned
|rule|Evasion Moves Clause: Evasion moves are banned
|rule|Endless Battle Clause: Forcing endless battles is banned
|rule|HP Percentage Mod: HP is shown in percentages
|clearpoke
|poke|p1|Heracross, M|item
|poke|p1|Galvantula, M|item
|poke|p1|Yanmega, M|item
|poke|p1|Scolipede, M|item
|poke|p1|Toxapex, M|item
|poke|p1|Gliscor, M|item
|poke|p2|Salamence, F|item
|poke|p2|Charizard, M|item
|poke|p2|Dragonite, M|item
|poke|p2|Haxorus, F|item
|poke|p2|Kabutops, F|item
|poke|p2|Crustle, M|item
|teampreview
|
|start
|switch|p1a: Heracross|Heracross, M|100/100
|switch|p2a: Charizard|Charizard, M|100/100
|turn|1
|
|detailschange|p2a: Charizard|Charizard-Mega-X, M
|-mega|p2a: Charizard|Charizard|Charizardite X
|detailschange|p1a: Heracross|Heracross-Mega, M
|-mega|p1a: Heracross|Heracross|Heracronite
|move|p2a: Charizard|Dragon Dance|p2a: Charizard
|-boost|p2a: Charizard|atk|1
|-boost|p2a: Charizard|spe|1
|move|p1a: Heracross|Rock Blast|p2a: Charizard
|-supereffective|p2a: Charizard
|-crit|p2a: Charizard
|-damage|p2a: Charizard|61/100
|-supereffective|p2a: Charizard
|-damage|p2a: Charizard|32/100
|-supereffective|p2a: Charizard
|-damage|p2a: Charizard|8/100
|-supereffective|p2a: Charizard
|-damage|p2a: Charizard|0 fnt
|-hitcount|p2a: Charizard|4
|faint|p2a: Charizard
|
|upkeep
|
|switch|p2a: Crustle|Crustle, M|100/100
|turn|2

|
|move|p1a: Heracross|Swords Dance|p1a: Heracross
|-boost|p1a: Heracross|atk|2
|move|p2a: Crustle|Stone Edge|p1a: Heracross
|-damage|p1a: Heracross|58/100
|
|upkeep
|turn|3

|
|move|p1a: Heracross|Pin Missile|p2a: Crustle
|-damage|p2a: Crustle|66/100
|-damage|p2a: Crustle|31/100
|-damage|p2a: Crustle|0 fnt
|-hitcount|p2a: Crustle|3
|faint|p2a: Crustle
|
|upkeep

|
|switch|p2a: Kabutops|Kabutops, F|100/100
|turn|4

|
|move|p2a: Kabutops|Endure|p2a: Kabutops
|-singleturn|p2a: Kabutops|move: Endure
|move|p1a: Heracross|Bullet Seed|p2a: Kabutops
|-supereffective|p2a: Kabutops
|-enditem|p2a: Kabutops|Focus Sash
|-damage|p2a: Kabutops|1/100
|-ability|p2a: Kabutops|Weak Armor|boost
|-unboost|p2a: Kabutops|def|1
|-boost|p2a: Kabutops|spe|2
|-supereffective|p2a: Kabutops
|-activate|p2a: Kabutops|move: Endure
|-damage|p2a: Kabutops|1/100
|-ability|p2a: Kabutops|Weak Armor|boost
|-unboost|p2a: Kabutops|def|1
|-boost|p2a: Kabutops|spe|2
|-supereffective|p2a: Kabutops
|-activate|p2a: Kabutops|move: Endure
|-damage|p2a: Kabutops|1/100
|-ability|p2a: Kabutops|Weak Armor|boost
|-unboost|p2a: Kabutops|def|1
|-boost|p2a: Kabutops|spe|2
|-supereffective|p2a: Kabutops
|-activate|p2a: Kabutops|move: Endure
|-damage|p2a: Kabutops|1/100
|-ability|p2a: Kabutops|Weak Armor|boost
|-unboost|p2a: Kabutops|def|1
|-supereffective|p2a: Kabutops
|-activate|p2a: Kabutops|move: Endure
|-damage|p2a: Kabutops|1/100
|-ability|p2a: Kabutops|Weak Armor|boost
|-unboost|p2a: Kabutops|def|1
|-hitcount|p2a: Kabutops|5
|
|upkeep
|turn|5

|c|☆Silly Pink Hippo|I got you!

|
|move|p2a: Kabutops|Flail|p1a: Heracross
|-damage|p1a: Heracross|0 fnt
|faint|p1a: Heracross
|
|upkeep

|
|switch|p1a: Toxapex|Toxapex, M, shiny|100/100
|turn|6

|
|move|p2a: Kabutops|Flail|p1a: Toxapex
|-damage|p1a: Toxapex|45/100
|move|p1a: Toxapex|Toxic Spikes|p2a: Kabutops
|-sidestart|p2: morsilevy|move: Toxic Spikes
|
|-heal|p1a: Toxapex|51/100|[from] item: Leftovers
|upkeep
|turn|7

|
|move|p2a: Kabutops|Flail|p1a: Toxapex
|-damage|p1a: Toxapex|0 fnt
|faint|p1a: Toxapex
|
|upkeep

|
|switch|p1a: Scolipede|Scolipede, M, shiny|100/100
|turn|8

|
|move|p2a: Kabutops|Swords Dance|p2a: Kabutops
|-boost|p2a: Kabutops|atk|2
|move|p1a: Scolipede|Earthquake|p2a: Kabutops
|-supereffective|p2a: Kabutops
|-damage|p2a: Kabutops|0 fnt
|faint|p2a: Kabutops
|
|-ability|p1a: Scolipede|Speed Boost|boost
|-boost|p1a: Scolipede|spe|1
|upkeep

|
|switch|p2a: Salamence|Salamence, F|100/100
|turn|9

|
|-zpower|p1a: Scolipede
|move|p1a: Scolipede|Hydro Vortex|p2a: Salamence|[zeffect]
|-resisted|p2a: Salamence
|-damage|p2a: Salamence|71/100
|move|p2a: Salamence|Dragon Dance|p2a: Salamence
|-boost|p2a: Salamence|atk|1
|-boost|p2a: Salamence|spe|1
|
|-ability|p1a: Scolipede|Speed Boost|boost
|-boost|p1a: Scolipede|spe|1
|upkeep
|turn|10

|
|move|p1a: Scolipede|Megahorn|p2a: Salamence
|-resisted|p2a: Salamence
|-damage|p2a: Salamence|38/100
|-zpower|p2a: Salamence
|move|p2a: Salamence|Devastating Drake|p1a: Scolipede|[zeffect]
|-damage|p1a: Scolipede|0 fnt
|faint|p1a: Scolipede
|-ability|p2a: Salamence|Moxie|boost
|-boost|p2a: Salamence|atk|1
|
|upkeep

|
|switch|p1a: Galvantula|Galvantula, M, shiny|100/100
|turn|11

|
|move|p2a: Salamence|Earthquake|p1a: Galvantula
|-damage|p1a: Galvantula|0 fnt
|faint|p1a: Galvantula
|-ability|p2a: Salamence|Moxie|boost
|-boost|p2a: Salamence|atk|1
|
|upkeep

|
|switch|p1a: Gliscor|Gliscor, M|100/100
|turn|12

|
|move|p2a: Salamence|Dragon Claw|p1a: Gliscor
|-damage|p1a: Gliscor|3/100
|move|p1a: Gliscor|Fury Cutter|p2a: Salamence
|-resisted|p2a: Salamence
|-damage|p2a: Salamence|32/100
|
|-status|p1a: Gliscor|tox|[from] item: Toxic Orb
|upkeep
|turn|13

|
|move|p2a: Salamence|Dragon Claw|p1a: Gliscor
|-damage|p1a: Gliscor|0 fnt
|faint|p1a: Gliscor
|-ability|p2a: Salamence|Moxie|boost
|-boost|p2a: Salamence|atk|1
|
|upkeep

|
|switch|p1a: Yanmega|Yanmega, M|100/100
|turn|14

|
|move|p2a: Salamence|Dragon Dance|p2a: Salamence
|-boost|p2a: Salamence|atk|1
|-boost|p2a: Salamence|spe|1
|move|p1a: Yanmega|Bug Buzz|p2a: Salamence
|-resisted|p2a: Salamence
|-damage|p2a: Salamence|0 fnt
|-damage|p1a: Yanmega|91/100|[from] item: Life Orb
|faint|p2a: Salamence
|
|upkeep

|
|switch|p2a: Haxorus|Haxorus, F|100/100
|-status|p2a: Haxorus|psn
|-ability|p2a: Haxorus|Mold Breaker
|turn|15

|
|move|p1a: Yanmega|Giga Drain|p2a: Haxorus
|-resisted|p2a: Haxorus
|-damage|p2a: Haxorus|50/100 psn
|-heal|p1a: Yanmega|100/100|[from] drain|[of] p2a: Haxorus
|-damage|p1a: Yanmega|91/100|[from] item: Life Orb
|move|p2a: Haxorus|Reversal|p1a: Yanmega
|-resisted|p1a: Yanmega
|-damage|p1a: Yanmega|86/100
|
|-damage|p2a: Haxorus|38/100 psn|[from] psn
|upkeep
|turn|16

|
|move|p1a: Yanmega|Giga Drain|p2a: Haxorus
|-resisted|p2a: Haxorus
|-damage|p2a: Haxorus|0 fnt
|-heal|p1a: Yanmega|100/100|[from] drain|[of] p2a: Haxorus
|-damage|p1a: Yanmega|91/100|[from] item: Life Orb
|faint|p2a: Haxorus
|
|upkeep

|
|switch|p2a: Dragonite|Dragonite, M|100/100
|turn|17

|
|move|p1a: Yanmega|Bug Buzz|p2a: Dragonite
|-resisted|p2a: Dragonite
|-damage|p2a: Dragonite|40/100
|-damage|p1a: Yanmega|81/100|[from] item: Life Orb
|move|p2a: Dragonite|Dragon Dance|p2a: Dragonite
|-boost|p2a: Dragonite|atk|1
|-boost|p2a: Dragonite|spe|1
|
|upkeep
|turn|18

|
|move|p2a: Dragonite|Outrage|p1a: Yanmega
|-damage|p1a: Yanmega|0 fnt
|faint|p1a: Yanmega
|
|win|morsilevy