|init|battle
|title|AdvertisedMoxie vs. LoukasVoll95
|j|☆AdvertisedMoxie
|j|☆LoukasVoll95
|player|p1|AdvertisedMoxie|166|1149
|player|p2|LoukasVoll95|288|1057
|teamsize|p1|6
|teamsize|p2|6
|gametype|singles
|gen|7
|tier|[Gen 7] Monotype
|rated|
|rule|Sleep Clause Mod: Limit one foe put to sleep
|rule|Species Clause: Limit one of each Pokémon
|rule|OHKO Clause: OHKO moves are banned
|rule|Moody Clause: Moody is banned
|rule|Evasion Moves Clause: Evasion moves are banned
|rule|Endless Battle Clause: Forcing endless battles is banned
|rule|HP Percentage Mod: HP is shown in percentages
|rule|Swagger Clause: Swagger is banned
|rule|Same Type Clause: Pokémon in a team must share a type
|clearpoke
|poke|p1|Beedrill, M|item
|poke|p1|Volcarona, M|item
|poke|p1|Vikavolt, M|item
|poke|p1|Araquanid, F|item
|poke|p1|Forretress, F|item
|poke|p1|Scizor, F|item
|poke|p2|Greninja, F|item
|poke|p2|Hydreigon, F|item
|poke|p2|Muk-Alola, M|item
|poke|p2|Tyranitar, M|item
|poke|p2|Mandibuzz, F|item
|poke|p2|Sableye, M|item
|teampreview

|
|start
|switch|p1a: Fortnite Builder|Forretress, F|100/100
|switch|p2a: Sableye|Sableye, M|100/100
|turn|1

|
|detailschange|p2a: Sableye|Sableye-Mega, M
|-mega|p2a: Sableye|Sableye|Sablenite
|move|p1a: Fortnite Builder|Volt Switch|p2a: Sableye
|-damage|p2a: Sableye|92/100

|
|switch|p1a: Araquanid|Araquanid, F|100/100|[from]move: Volt Switch
|move|p2a: Sableye|Knock Off|p1a: Araquanid
|-damage|p1a: Araquanid|70/100
|-enditem|p1a: Araquanid|Leftovers|[from] move: Knock Off|[of] p2a: Sableye
|
|upkeep
|turn|2

|
|move|p1a: Araquanid|Leech Life|p2a: Sableye
|-damage|p2a: Sableye|69/100
|-heal|p1a: Araquanid|81/100|[from] drain|[of] p2a: Sableye
|move|p2a: Sableye|Will-O-Wisp|p1a: Araquanid
|-immune|p1a: Araquanid|[from] ability: Water Bubble
|
|upkeep
|turn|3

|
|move|p1a: Araquanid|Liquidation|p2a: Sableye
|-damage|p2a: Sableye|21/100
|move|p2a: Sableye|Knock Off|p1a: Araquanid
|-damage|p1a: Araquanid|59/100
|
|upkeep
|turn|4

|
|switch|p2a: Mandibuzz|Mandibuzz, F|100/100
|move|p1a: Araquanid|Liquidation|p2a: Mandibuzz
|-damage|p2a: Mandibuzz|71/100
|-damage|p1a: Araquanid|43/100|[from] item: Rocky Helmet|[of] p2a: Mandibuzz
|-unboost|p2a: Mandibuzz|def|1
|
|upkeep
|turn|5

|
|move|p1a: Araquanid|Protect|p1a: Araquanid
|-singleturn|p1a: Araquanid|Protect
|move|p2a: Mandibuzz|Foul Play|p1a: Araquanid
|-activate|p1a: Araquanid|move: Protect
|
|upkeep
|turn|6

|
|move|p2a: Mandibuzz|Foul Play|p1a: Araquanid
|-damage|p1a: Araquanid|10/100
|move|p1a: Araquanid|Sticky Web|p2a: Mandibuzz
|-sidestart|p2: LoukasVoll95|move: Sticky Web
|
|upkeep
|turn|7

|
|move|p1a: Araquanid|Protect|p1a: Araquanid
|-singleturn|p1a: Araquanid|Protect
|move|p2a: Mandibuzz|Foul Play|p1a: Araquanid
|-activate|p1a: Araquanid|move: Protect
|
|upkeep
|turn|8

|
|switch|p1a: Fortnite Builder|Forretress, F|100/100
|move|p2a: Mandibuzz|Foul Play|p1a: Fortnite Builder
|-damage|p1a: Fortnite Builder|83/100
|
|upkeep
|turn|9

|
|switch|p2a: Sableye|Sableye-Mega, M|21/100
|-activate|p2a: Sableye|move: Sticky Web
|-unboost|p2a: Sableye|spe|1
|move|p1a: Fortnite Builder|Volt Switch|p2a: Sableye
|-damage|p2a: Sableye|12/100

|
|switch|p1a: Araquanid|Araquanid, F|10/100|[from]move: Volt Switch
|
|upkeep
|turn|10

|
|move|p1a: Araquanid|Leech Life|p2a: Sableye
|-damage|p2a: Sableye|0 fnt
|-heal|p1a: Araquanid|15/100|[from] drain|[of] p2a: Sableye
|faint|p2a: Sableye
|
|upkeep

|-message|LoukasVoll95 forfeited.

|
|win|AdvertisedMoxie