|init|battle
|title|Ramname vs. JaraBasedlord
|j|☆Ramname
|j|☆JaraBasedlord
|player|p1|Ramname|1|1534
|player|p2|JaraBasedlord|266|1531
|teamsize|p1|6
|teamsize|p2|6
|gametype|singles
|gen|7
|tier|[Gen 7] OU
|rated|
|rule|Sleep Clause Mod: Limit one foe put to sleep
|rule|Species Clause: Limit one of each Pokémon
|rule|OHKO Clause: OHKO moves are banned
|rule|Moody Clause: Moody is banned
|rule|Evasion Moves Clause: Evasion moves are banned
|rule|Endless Battle Clause: Forcing endless battles is banned
|rule|HP Percentage Mod: HP is shown in percentages
|clearpoke
|poke|p1|Tapu Lele|item
|poke|p1|Tyranitar, M|item
|poke|p1|Skarmory, F|item
|poke|p1|Rotom-Wash|item
|poke|p1|Garchomp, M|item
|poke|p1|Victini|item
|poke|p2|Marowak-Alola, M|item
|poke|p2|Uxie|item
|poke|p2|Tapu Bulu|item
|poke|p2|Magearna|item
|poke|p2|Cresselia, F|item
|poke|p2|Mawile, M|item
|teampreview
|
|start
|switch|p1a: Tapu Lele|Tapu Lele|100/100
|switch|p2a: 🙈|Uxie|100/100
|-fieldstart|move: Psychic Terrain|[from] ability: Psychic Surge|[of] p1a: Tapu Lele
|turn|1
|
|move|p1a: Tapu Lele|Moonblast|p2a: 🙈
|-damage|p2a: 🙈|48/100
|move|p2a: 🙈|Trick Room|p2a: 🙈
|-fieldstart|move: Trick Room|[of] p2a: 🙈
|
|upkeep
|turn|2
|
|move|p2a: 🙈|U-turn|p1a: Tapu Lele
|-damage|p1a: Tapu Lele|82/100

|
|switch|p2a: 👹👺|Mawile, M|100/100|[from]move: U-turn
|-ability|p2a: 👹👺|Intimidate|boost
|-unboost|p1a: Tapu Lele|atk|1
|move|p1a: Tapu Lele|Moonblast|p2a: 👹👺
|-resisted|p2a: 👹👺
|-damage|p2a: 👹👺|33/100
|-unboost|p2a: 👹👺|spa|1
|
|upkeep
|turn|3

|
|switch|p1a: Victini|Victini|100/100
|detailschange|p2a: 👹👺|Mawile-Mega, M
|-mega|p2a: 👹👺|Mawile|Mawilite
|move|p2a: 👹👺|Knock Off|p1a: Victini
|-supereffective|p1a: Victini
|-damage|p1a: Victini|17/100
|
|upkeep
|turn|4

|
|switch|p1a: Skarmory|Skarmory, F|100/100
|move|p2a: 👹👺|Play Rough|p1a: Skarmory
|-resisted|p1a: Skarmory
|-damage|p1a: Skarmory|75/100
|-damage|p2a: 👹👺|16/100|[from] item: Rocky Helmet|[of] p1a: Skarmory
|
|upkeep
|turn|5

|
|switch|p2a: 🌕🦆🙊|Cresselia, F|100/100
|move|p1a: Skarmory|Roost|p1a: Skarmory
|-heal|p1a: Skarmory|100/100
|-singleturn|p1a: Skarmory|move: Roost
|
|-fieldend|move: Psychic Terrain
|-fieldend|move: Trick Room
|upkeep
|turn|6

|
|move|p1a: Skarmory|Stealth Rock|p2a: 🌕🦆🙊
|-sidestart|p2: JaraBasedlord|move: Stealth Rock
|move|p2a: 🌕🦆🙊|Trick Room|p2a: 🌕🦆🙊
|-fieldstart|move: Trick Room|[of] p2a: 🌕🦆🙊
|
|upkeep
|turn|7

|
|switch|p2a: 👻🤱|Marowak-Alola, M|100/100
|-damage|p2a: 👻🤱|76/100|[from] Stealth Rock
|move|p1a: Skarmory|Spikes|p2a: 👻🤱
|-sidestart|p2: JaraBasedlord|Spikes
|
|upkeep
|turn|8

|
|move|p2a: 👻🤱|Flare Blitz|p1a: Skarmory
|-supereffective|p1a: Skarmory
|-ability|p1a: Skarmory|Sturdy
|-damage|p1a: Skarmory|1/100
|-damage|p2a: 👻🤱|59/100|[from] item: Rocky Helmet|[of] p1a: Skarmory
|move|p1a: Skarmory|Whirlwind|p2a: 👻🤱
|drag|p2a: 🤖🐰|Magearna|100/100
|-damage|p2a: 🤖🐰|88/100|[from] Spikes
|-damage|p2a: 🤖🐰|82/100|[from] Stealth Rock
|
|upkeep
|turn|9

|
|switch|p1a: Rotom|Rotom-Wash|100/100
|move|p2a: 🤖🐰|Thunderbolt|p1a: Rotom
|-crit|p1a: Rotom
|-damage|p1a: Rotom|62/100
|
|-heal|p1a: Rotom|68/100|[from] item: Leftovers
|upkeep
|turn|10

|
|-zpower|p2a: 🤖🐰
|move|p2a: 🤖🐰|Twinkle Tackle|p1a: Rotom|[zeffect]
|-damage|p1a: Rotom|0 fnt
|faint|p1a: Rotom
|-ability|p2a: 🤖🐰|Soul-Heart|boost
|-boost|p2a: 🤖🐰|spa|1
|
|-fieldend|move: Trick Room
|upkeep

|
|switch|p1a: Garchomp|Garchomp, M|100/100
|turn|11

|
|switch|p1a: Tyranitar|Tyranitar, M|100/100
|-weather|Sandstorm|[from] ability: Sand Stream|[of] p1a: Tyranitar
|move|p2a: 🤖🐰|Trick Room|p2a: 🤖🐰
|-fieldstart|move: Trick Room|[of] p2a: 🤖🐰
|
|-weather|Sandstorm|[upkeep]
|upkeep
|turn|12

|c|☆JaraBasedlord|lol

|-message|Ramname forfeited.

|
|win|JaraBasedlord