|init|battle
|title|IceApfel vs. Lleyow
|j|☆IceApfel
|j|☆Lleyow
|player|p1|IceApfel|267|1478
|player|p2|Lleyow|169|1313
|teamsize|p1|6
|teamsize|p2|6
|gametype|singles
|gen|7
|tier|[Gen 7] Monotype
|rated|
|rule|Sleep Clause Mod: Limit one foe put to sleep
|rule|Species Clause: Limit one of each Pokémon
|rule|OHKO Clause: OHKO moves are banned
|rule|Moody Clause: Moody is banned
|rule|Evasion Moves Clause: Evasion moves are banned
|rule|Endless Battle Clause: Forcing endless battles is banned
|rule|HP Percentage Mod: HP is shown in percentages
|rule|Swagger Clause: Swagger is banned
|rule|Same Type Clause: Pokémon in a team must share a type
|clearpoke
|poke|p1|Jirachi|item
|poke|p1|Scizor, M|item
|poke|p1|Heatran, M|item
|poke|p1|Skarmory, M|item
|poke|p1|Magnezone|item
|poke|p1|Cobalion|item
|poke|p2|Glaceon, F|item
|poke|p2|Ninetales-Alola, F|item
|poke|p2|Lapras, M|item
|poke|p2|Sandslash-Alola, F|item
|poke|p2|Mamoswine, M|item
|poke|p2|Weavile, M|item
|teampreview
|inactive|Battle timer is ON: inactive players will automatically lose when time's up. (requested by IceApfel)
|
|start
|switch|p1a: Scizor|Scizor, M|100/100
|switch|p2a: Ninetales|Ninetales-Alola, F|100/100
|-weather|Hail|[from] ability: Snow Warning|[of] p2a: Ninetales
|turn|1
|
|detailschange|p1a: Scizor|Scizor-Mega, M
|-mega|p1a: Scizor|Scizor|Scizorite
|move|p1a: Scizor|Bullet Punch|p2a: Ninetales
|-supereffective|p2a: Ninetales
|-damage|p2a: Ninetales|0 fnt
|faint|p2a: Ninetales
|
|-weather|Hail|[upkeep]
|-damage|p1a: Scizor|94/100|[from] Hail
|upkeep
|
|switch|p2a: Lapras|Lapras, M|100/100
|turn|2
|
|move|p1a: Scizor|Superpower|p2a: Lapras
|-supereffective|p2a: Lapras
|-damage|p2a: Lapras|8/100
|-unboost|p1a: Scizor|atk|1
|-unboost|p1a: Scizor|def|1
|move|p2a: Lapras|Hidden Power|p1a: Scizor
|-supereffective|p1a: Scizor
|-damage|p1a: Scizor|0 fnt
|faint|p1a: Scizor
|
|-weather|Hail|[upkeep]
|upkeep
|
|switch|p1a: Jirachi|Jirachi|100/100
|turn|3
|
|move|p1a: Jirachi|Thunderbolt|p2a: Lapras
|-supereffective|p2a: Lapras
|-damage|p2a: Lapras|0 fnt
|faint|p2a: Lapras
|
|-weather|Hail|[upkeep]
|-damage|p1a: Jirachi|94/100|[from] Hail
|upkeep
|
|switch|p2a: Glaceon|Glaceon, F|100/100
|turn|4
|
|switch|p1a: Heatran|Heatran, M|100/100
|move|p2a: Glaceon|Shadow Ball|p1a: Heatran
|-damage|p1a: Heatran|86/100
|
|-weather|Hail|[upkeep]
|-damage|p1a: Heatran|80/100|[from] Hail
|upkeep
|turn|5

|
|move|p2a: Glaceon|Protect|p2a: Glaceon
|-singleturn|p2a: Glaceon|Protect
|move|p1a: Heatran|Flash Cannon|p2a: Glaceon
|-activate|p2a: Glaceon|move: Protect
|
|-weather|none
|upkeep
|turn|6

|
|switch|p2a: Mamoswine|Mamoswine, M|100/100
|move|p1a: Heatran|Flash Cannon|p2a: Mamoswine
|-supereffective|p2a: Mamoswine
|-damage|p2a: Mamoswine|0 fnt
|faint|p2a: Mamoswine
|
|upkeep

|
|switch|p2a: Weavile|Weavile, M|100/100
|turn|7

|
|switch|p1a: Skarmory|Skarmory, M|100/100
|move|p2a: Weavile|Low Kick|p1a: Skarmory
|-damage|p1a: Skarmory|84/100
|
|-heal|p1a: Skarmory|90/100|[from] item: Leftovers
|upkeep
|turn|8

|-message|Lleyow forfeited.

|
|win|IceApfel