|init|battle
|title|unironic dabbing vs. Elonnn
|j|☆unironic dabbing
|j|☆Elonnn
|player|p1|unironic dabbing|43|1154
|player|p2|Elonnn|168|1144
|teamsize|p1|3
|teamsize|p2|3
|gametype|singles
|gen|7
|tier|[Gen 7] 1v1
|rated|
|rule|Species Clause: Limit one of each Pokémon
|rule|Moody Clause: Moody is banned
|rule|OHKO Clause: OHKO moves are banned
|rule|Evasion Moves Clause: Evasion moves are banned
|rule|Accuracy Moves Clause: Accuracy-lowering moves are banned
|rule|Swagger Clause: Swagger is banned
|rule|Endless Battle Clause: Forcing endless battles is banned
|rule|HP Percentage Mod: HP is shown in percentages
|clearpoke
|poke|p1|Quagsire, F|item
|poke|p1|Kartana|item
|poke|p1|Blacephalon|item
|poke|p2|Pheromosa|item
|poke|p2|Zeraora|item
|poke|p2|Dragonite, M|item
|teampreview|1
|inactive|Battle timer is ON: inactive players will automatically lose when time's up. (requested by Elonnn)
|
|start
|switch|p1a: Quagsire|Quagsire, F|100/100
|switch|p2a: Dragonite|Dragonite, M, shiny|100/100
|turn|1
|
|move|p2a: Dragonite|Substitute|p2a: Dragonite
|-start|p2a: Dragonite|Substitute
|-damage|p2a: Dragonite|76/100
|move|p1a: Quagsire|Stockpile|p1a: Quagsire
|-start|p1a: Quagsire|stockpile1
|-boost|p1a: Quagsire|def|1
|-boost|p1a: Quagsire|spd|1
|
|upkeep
|turn|2
|
|move|p2a: Dragonite|Dragon Dance|p2a: Dragonite
|-boost|p2a: Dragonite|atk|1
|-boost|p2a: Dragonite|spe|1
|move|p1a: Quagsire|Stockpile|p1a: Quagsire
|-start|p1a: Quagsire|stockpile2
|-boost|p1a: Quagsire|def|1
|-boost|p1a: Quagsire|spd|1
|
|upkeep
|turn|3
|
|move|p2a: Dragonite|Dragon Dance|p2a: Dragonite
|-boost|p2a: Dragonite|atk|1
|-boost|p2a: Dragonite|spe|1
|move|p1a: Quagsire|Stockpile|p1a: Quagsire
|-start|p1a: Quagsire|stockpile3
|-boost|p1a: Quagsire|def|1
|-boost|p1a: Quagsire|spd|1
|
|upkeep
|turn|4
|
|move|p2a: Dragonite|Dragon Dance|p2a: Dragonite
|-boost|p2a: Dragonite|atk|1
|-boost|p2a: Dragonite|spe|1
|move|p1a: Quagsire|Toxic||[still]
|-fail|p1a: Quagsire
|
|upkeep
|turn|5
|
|move|p2a: Dragonite|Dragon Dance|p2a: Dragonite
|-boost|p2a: Dragonite|atk|1
|-boost|p2a: Dragonite|spe|1
|move|p1a: Quagsire|Toxic||[still]
|-fail|p1a: Quagsire
|
|upkeep
|turn|6

|
|move|p2a: Dragonite|Dragon Dance|p2a: Dragonite
|-boost|p2a: Dragonite|atk|1
|-boost|p2a: Dragonite|spe|1
|move|p1a: Quagsire|Toxic||[still]
|-fail|p1a: Quagsire
|
|upkeep
|turn|7

|
|move|p2a: Dragonite|Dragon Dance|p2a: Dragonite
|-boost|p2a: Dragonite|atk|1
|-boost|p2a: Dragonite|spe|1
|move|p1a: Quagsire|Toxic||[still]
|-fail|p1a: Quagsire
|
|upkeep
|turn|8

|
|-zpower|p2a: Dragonite
|move|p2a: Dragonite|Supersonic Skystrike|p1a: Quagsire|[zeffect]
|-damage|p1a: Quagsire|76/100
|move|p1a: Quagsire|Counter|p2a: Dragonite
|-end|p2a: Dragonite|Substitute
|
|-heal|p1a: Quagsire|82/100|[from] item: Leftovers
|upkeep
|turn|9

|
|move|p2a: Dragonite|Substitute|p2a: Dragonite
|-start|p2a: Dragonite|Substitute
|-damage|p2a: Dragonite|51/100
|move|p1a: Quagsire|Toxic||[still]
|-fail|p1a: Quagsire
|
|-heal|p1a: Quagsire|88/100|[from] item: Leftovers
|upkeep
|turn|10

|
|move|p2a: Dragonite|Earthquake|p1a: Quagsire
|-damage|p1a: Quagsire|78/100
|move|p1a: Quagsire|Counter|p2a: Dragonite
|-activate|p2a: Dragonite|move: Substitute|[damage]
|
|-heal|p1a: Quagsire|84/100|[from] item: Leftovers
|upkeep
|turn|11

|
|move|p2a: Dragonite|Earthquake|p1a: Quagsire
|-damage|p1a: Quagsire|73/100
|move|p1a: Quagsire|Counter|p2a: Dragonite
|-end|p2a: Dragonite|Substitute
|
|-heal|p1a: Quagsire|79/100|[from] item: Leftovers
|upkeep
|turn|12

|
|move|p2a: Dragonite|Fly||[still]
|-prepare|p2a: Dragonite|Fly|p1a: Quagsire
|move|p1a: Quagsire|Counter|p2a: Dragonite|[miss]
|-miss|p1a: Quagsire|p2a: Dragonite
|
|-heal|p1a: Quagsire|85/100|[from] item: Leftovers
|upkeep
|turn|13

|inactive|Elonnn has 120 seconds left.

|inactive|Elonnn has 90 seconds left.

|
|move|p2a: Dragonite|Fly|p1a: Quagsire|[from]lockedmove
|-damage|p1a: Quagsire|72/100
|move|p1a: Quagsire|Toxic|p2a: Dragonite
|-status|p2a: Dragonite|tox
|
|-heal|p1a: Quagsire|78/100|[from] item: Leftovers
|-damage|p2a: Dragonite|45/100 tox|[from] psn
|upkeep
|turn|14

|inactive|Elonnn has 90 seconds left.

|-message|Elonnn forfeited.

|
|win|unironic dabbing