|init|battle
|title|illama222 vs. PhantomwolfElite12
|j|☆illama222
|j|☆PhantomwolfElite12
|player|p1|illama222|137|1114
|player|p2|PhantomwolfElite12|289|1070
|teamsize|p1|3
|teamsize|p2|3
|gametype|singles
|gen|7
|tier|[Gen 7] 1v1
|rated|
|rule|Species Clause: Limit one of each Pokémon
|rule|Moody Clause: Moody is banned
|rule|OHKO Clause: OHKO moves are banned
|rule|Evasion Moves Clause: Evasion moves are banned
|rule|Accuracy Moves Clause: Accuracy-lowering moves are banned
|rule|Swagger Clause: Swagger is banned
|rule|Endless Battle Clause: Forcing endless battles is banned
|rule|HP Percentage Mod: HP is shown in percentages
|clearpoke
|poke|p1|Altaria, F|item
|poke|p1|Haxorus, M|item
|poke|p1|Dragalge, M|item
|poke|p2|Toucannon, F|item
|poke|p2|Garchomp, M|item
|poke|p2|Hawlucha, M|item
|teampreview|1
|
|start
|switch|p1a: Haxorus|Haxorus, M, shiny|100/100
|switch|p2a: Hawlucha|Hawlucha, M|100/100
|-ability|p1a: Haxorus|Mold Breaker
|turn|1
|
|move|p1a: Haxorus|Rock Slide|p2a: Hawlucha
|-damage|p2a: Hawlucha|61/100
|move|p2a: Hawlucha|Flying Press|p1a: Haxorus
|-damage|p1a: Haxorus|35/100
|
|upkeep
|turn|2

|
|move|p1a: Haxorus|Rock Slide|p2a: Hawlucha
|-damage|p2a: Hawlucha|21/100
|move|p2a: Hawlucha|Roost|p2a: Hawlucha
|-heal|p2a: Hawlucha|72/100
|-singleturn|p2a: Hawlucha|move: Roost
|
|upkeep
|turn|3

|
|move|p1a: Haxorus|Rock Slide|p2a: Hawlucha
|-damage|p2a: Hawlucha|30/100
|cant|p2a: Hawlucha|flinch
|
|upkeep
|turn|4

|
|move|p1a: Haxorus|Rock Slide|p2a: Hawlucha|[miss]
|-miss|p1a: Haxorus|p2a: Hawlucha
|move|p2a: Hawlucha|Fire Punch|p1a: Haxorus
|-resisted|p1a: Haxorus
|-crit|p1a: Haxorus
|-damage|p1a: Haxorus|14/100
|
|upkeep
|turn|5

|
|move|p1a: Haxorus|Rock Slide|p2a: Hawlucha
|-damage|p2a: Hawlucha|0 fnt
|faint|p2a: Hawlucha
|
|win|illama222