|init|battle
|title|Horman D vs. AspecificDoge
|j|☆Horman D
|j|☆AspecificDoge
|player|p1|Horman D|120|1415
|player|p2|AspecificDoge|102|1331
|teamsize|p1|6
|teamsize|p2|6
|gametype|singles
|gen|7
|tier|[Gen 7] OU (Blitz)
|rated|
|rule|Sleep Clause Mod: Limit one foe put to sleep
|rule|Species Clause: Limit one of each Pokémon
|rule|OHKO Clause: OHKO moves are banned
|rule|Moody Clause: Moody is banned
|rule|Evasion Moves Clause: Evasion moves are banned
|rule|Endless Battle Clause: Forcing endless battles is banned
|rule|HP Percentage Mod: HP is shown in percentages
|clearpoke
|poke|p1|Kyurem-Black|item
|poke|p1|Magearna|item
|poke|p1|Kartana|item
|poke|p1|Pinsir, F|item
|poke|p1|Greninja, M|item
|poke|p1|Landorus-Therian, M|item
|poke|p2|Gyarados, F|item
|poke|p2|Excadrill, M|item
|poke|p2|Tapu Koko|item
|poke|p2|Hawlucha, F|item
|poke|p2|Diggersby, M|item
|poke|p2|Magearna|item
|rule|Blitz: Super-fast timer
|teampreview
|inactive|Horman D has 30 seconds left this turn.
|inactive|AspecificDoge has 30 seconds left this turn.
|inactive|Battle timer is ON: inactive players will automatically lose when time's up. (requested by Horman D)
|
|start
|switch|p1a: Landorus|Landorus-Therian, M|100/100
|switch|p2a: Tapu Koko|Tapu Koko|100/100
|-fieldstart|move: Electric Terrain|[from] ability: Electric Surge|[of] p2a: Tapu Koko
|-ability|p1a: Landorus|Intimidate|boost
|-unboost|p2a: Tapu Koko|atk|1
|turn|1
|inactive|Horman D has 15 seconds left this turn.
|inactive|AspecificDoge has 15 seconds left this turn.
|
|switch|p2a: Gyarados|Gyarados, F|100/100
|-ability|p2a: Gyarados|Intimidate|boost
|-unboost|p1a: Landorus|atk|1
|move|p1a: Landorus|Earthquake|p2a: Gyarados
|-immune|p2a: Gyarados
|
|upkeep
|turn|2
|inactive|Horman D has 15 seconds left this turn.
|inactive|AspecificDoge has 15 seconds left this turn.
|inactive|AspecificDoge has 10 seconds left.
|
|move|p1a: Landorus|Stealth Rock|p2a: Gyarados
|-sidestart|p2: AspecificDoge|move: Stealth Rock
|move|p2a: Gyarados|Waterfall|p1a: Landorus
|-supereffective|p1a: Landorus
|-damage|p1a: Landorus|2/100
|
|upkeep
|turn|3
|inactive|Horman D has 15 seconds left this turn.
|inactive|AspecificDoge has 15 seconds left this turn.
|
|detailschange|p2a: Gyarados|Gyarados-Mega, F
|-mega|p2a: Gyarados|Gyarados|Gyaradosite
|-ability|p2a: Gyarados|Mold Breaker
|move|p1a: Landorus|Explosion|p2a: Gyarados
|-damage|p2a: Gyarados|40/100
|faint|p1a: Landorus
|move|p2a: Gyarados|Waterfall|p1: Landorus|[notarget]
|-fail|p2a: Gyarados
|
|upkeep
|inactive|Horman D has 15 seconds left this turn.
|inactive|AspecificDoge has 15 seconds left this turn.
|
|switch|p1a: Kartana|Kartana, shiny|100/100
|turn|4
|inactive|Horman D has 15 seconds left this turn.
|inactive|AspecificDoge has 15 seconds left this turn.
|
|switch|p2a: Magearna|Magearna|100/100
|-damage|p2a: Magearna|94/100|[from] Stealth Rock
|move|p1a: Kartana|Leaf Blade|p2a: Magearna
|-resisted|p2a: Magearna
|-damage|p2a: Magearna|68/100
|
|upkeep
|turn|5
|inactive|Horman D has 15 seconds left this turn.
|inactive|AspecificDoge has 15 seconds left this turn.
|
|move|p1a: Kartana|Sacred Sword|p2a: Magearna
|-damage|p2a: Magearna|37/100
|-zpower|p2a: Magearna
|move|p2a: Magearna|All-Out Pummeling|p1a: Kartana|[zeffect]
|-supereffective|p1a: Kartana
|-damage|p1a: Kartana|0 fnt
|faint|p1a: Kartana
|-ability|p2a: Magearna|Soul-Heart|boost
|-boost|p2a: Magearna|spa|1
|
|-fieldend|move: Electric Terrain
|upkeep
|inactive|Horman D has 15 seconds left this turn.
|inactive|AspecificDoge has 15 seconds left this turn.
|
|switch|p1a: Kyurem|Kyurem-Black|100/100
|-ability|p1a: Kyurem|Teravolt
|turn|6
|inactive|Horman D has 15 seconds left this turn.
|inactive|AspecificDoge has 15 seconds left this turn.
|
|move|p1a: Kyurem|Earth Power|p2a: Magearna
|-supereffective|p2a: Magearna
|-damage|p2a: Magearna|0 fnt
|-damage|p1a: Kyurem|91/100|[from] item: Life Orb
|faint|p2a: Magearna
|
|upkeep
|inactive|Horman D has 15 seconds left this turn.
|inactive|AspecificDoge has 15 seconds left this turn.
|
|switch|p2a: Excadrill|Excadrill, M|100/100
|-damage|p2a: Excadrill|97/100|[from] Stealth Rock
|-ability|p2a: Excadrill|Mold Breaker
|turn|7
|inactive|Horman D has 15 seconds left this turn.
|inactive|AspecificDoge has 15 seconds left this turn.
|
|move|p1a: Kyurem|Earth Power|p2a: Excadrill
|-supereffective|p2a: Excadrill
|-damage|p2a: Excadrill|0 fnt
|-damage|p1a: Kyurem|81/100|[from] item: Life Orb
|faint|p2a: Excadrill
|
|upkeep
|inactive|Horman D has 15 seconds left this turn.
|inactive|AspecificDoge has 15 seconds left this turn.
|
|switch|p2a: Diggersby|Diggersby, M|100/100
|-damage|p2a: Diggersby|94/100|[from] Stealth Rock
|turn|8
|inactive|Horman D has 15 seconds left this turn.
|inactive|AspecificDoge has 15 seconds left this turn.

|
|move|p1a: Kyurem|Ice Beam|p2a: Diggersby
|-supereffective|p2a: Diggersby
|-damage|p2a: Diggersby|0 fnt
|-damage|p1a: Kyurem|71/100|[from] item: Life Orb
|faint|p2a: Diggersby
|
|upkeep

|inactive|Horman D has 15 seconds left this turn.
|inactive|AspecificDoge has 15 seconds left this turn.

|inactive|AspecificDoge has 10 seconds left.

|
|switch|p2a: Tapu Koko|Tapu Koko|100/100
|-damage|p2a: Tapu Koko|88/100|[from] Stealth Rock
|-fieldstart|move: Electric Terrain|[from] ability: Electric Surge|[of] p2a: Tapu Koko
|turn|9

|inactive|Horman D has 15 seconds left this turn.
|inactive|AspecificDoge has 15 seconds left this turn.

|
|move|p2a: Tapu Koko|Reflect|p2a: Tapu Koko
|-sidestart|p2: AspecificDoge|Reflect
|move|p1a: Kyurem|Earth Power|p2a: Tapu Koko
|-supereffective|p2a: Tapu Koko
|-damage|p2a: Tapu Koko|0 fnt
|-damage|p1a: Kyurem|61/100|[from] item: Life Orb
|faint|p2a: Tapu Koko
|
|upkeep

|inactive|Horman D has 15 seconds left this turn.
|inactive|AspecificDoge has 15 seconds left this turn.

|
|switch|p2a: Hawlucha|Hawlucha, F|100/100
|-damage|p2a: Hawlucha|88/100|[from] Stealth Rock
|-enditem|p2a: Hawlucha|Electric Seed
|-boost|p2a: Hawlucha|def|1
|turn|10

|inactive|Horman D has 15 seconds left this turn.
|inactive|AspecificDoge has 15 seconds left this turn.

|
|move|p2a: Hawlucha|High Jump Kick|p1a: Kyurem
|-supereffective|p1a: Kyurem
|-damage|p1a: Kyurem|0 fnt
|faint|p1a: Kyurem
|
|upkeep

|inactive|Horman D has 15 seconds left this turn.
|inactive|AspecificDoge has 15 seconds left this turn.

|
|switch|p1a: Magearna|Magearna|100/100
|turn|11

|inactive|Horman D has 15 seconds left this turn.
|inactive|AspecificDoge has 15 seconds left this turn.

|
|move|p2a: Hawlucha|Swords Dance|p2a: Hawlucha
|-boost|p2a: Hawlucha|atk|2
|move|p1a: Magearna|Thunderbolt|p2a: Hawlucha
|-supereffective|p2a: Hawlucha
|-damage|p2a: Hawlucha|0 fnt
|faint|p2a: Hawlucha
|-ability|p1a: Magearna|Soul-Heart|boost
|-boost|p1a: Magearna|spa|1
|
|upkeep

|inactive|Horman D has 15 seconds left this turn.
|inactive|AspecificDoge has 15 seconds left this turn.

|-message|AspecificDoge forfeited.

|
|win|Horman D