|init|battle
|title|zadocfish3 vs. Aaaaakkk
|j|☆zadocfish3
|j|☆Aaaaakkk
|player|p1|zadocfish3|10|1418
|player|p2|Aaaaakkk|279|1244
|teamsize|p1|3
|teamsize|p2|3
|gametype|singles
|gen|7
|tier|[Gen 7] 1v1
|rated|
|rule|Species Clause: Limit one of each Pokémon
|rule|Moody Clause: Moody is banned
|rule|OHKO Clause: OHKO moves are banned
|rule|Evasion Moves Clause: Evasion moves are banned
|rule|Accuracy Moves Clause: Accuracy-lowering moves are banned
|rule|Swagger Clause: Swagger is banned
|rule|Endless Battle Clause: Forcing endless battles is banned
|rule|HP Percentage Mod: HP is shown in percentages
|clearpoke
|poke|p1|Slaking, F|item
|poke|p1|Azumarill, M|item
|poke|p1|Talonflame, M|item
|poke|p2|Sigilyph, F|item
|poke|p2|Charizard, M|item
|poke|p2|Magearna|item
|teampreview|1
|
|start
|switch|p1a: Talonflame|Talonflame, M|100/100
|switch|p2a: Sigilyph|Sigilyph, F|100/100
|turn|1
|
|move|p1a: Talonflame|Toxic|p2a: Sigilyph
|-status|p2a: Sigilyph|tox
|move|p2a: Sigilyph|Calm Mind|p2a: Sigilyph
|-boost|p2a: Sigilyph|spa|1
|-boost|p2a: Sigilyph|spd|1
|
|upkeep
|turn|2
|
|move|p1a: Talonflame|Substitute|p1a: Talonflame
|-start|p1a: Talonflame|Substitute
|-damage|p1a: Talonflame|76/100
|-zpower|p2a: Sigilyph
|move|p2a: Sigilyph|Shattered Psyche|p1a: Talonflame|[zeffect]
|-end|p1a: Talonflame|Substitute
|
|-heal|p1a: Talonflame|82/100|[from] item: Leftovers
|upkeep
|turn|3
|j| Giles (OwO)/
|
|move|p1a: Talonflame|Substitute|p1a: Talonflame
|-start|p1a: Talonflame|Substitute
|-damage|p1a: Talonflame|57/100
|move|p2a: Sigilyph|Stored Power|p1a: Talonflame
|-end|p1a: Talonflame|Substitute
|
|-heal|p1a: Talonflame|63/100|[from] item: Leftovers
|upkeep
|turn|4

|
|move|p1a: Talonflame|Protect|p1a: Talonflame
|-singleturn|p1a: Talonflame|Protect
|move|p2a: Sigilyph|Stored Power|p1a: Talonflame
|-activate|p1a: Talonflame|move: Protect
|
|-heal|p1a: Talonflame|69/100|[from] item: Leftovers
|upkeep
|turn|5

|l| Giles (OwO)/

|
|move|p1a: Talonflame|Flamethrower|p2a: Sigilyph
|-damage|p2a: Sigilyph|80/100 tox
|move|p2a: Sigilyph|Stored Power|p1a: Talonflame
|-damage|p1a: Talonflame|30/100
|
|-heal|p1a: Talonflame|36/100|[from] item: Leftovers
|upkeep
|turn|6

|-message|zadocfish3 forfeited.

|
|win|Aaaaakkk