|init|battle
|title|Darkvamper~♪~ vs. Coza21
|j|☆Darkvamper~♪~
|j|☆Coza21
|player|p1|Darkvamper~♪~|147|
|player|p2|Coza21|266|
|teamsize|p1|2
|teamsize|p2|2
|gametype|doubles
|gen|7
|tier|[Gen 7] Metronome Battle
|rated|Tournament battle
|rule|HP Percentage Mod: HP is shown in percentages
|
|start
|switch|p1a: Probably killable|Gengar-Mega, M, shiny|100/100
|switch|p1b: Unkillable|Chansey, F|100/100
|switch|p2a: gengarr|Gengar-Mega, F, shiny|100/100
|switch|p2b: chanseyy|Chansey, F|100/100
|turn|1
|j|*Lady Monita
|c|☆Coza21|oh
|c|☆Darkvamper~♪~|eyy
|c|☆Coza21|I see
|c|☆Darkvamper~♪~|my strat
|
|move|p1a: Probably killable|Metronome|p1a: Probably killable
|move|p1a: Probably killable|Water Sport|p1a: Probably killable|[from]Metronome
|-fieldstart|move: Water Sport|[of] p1a: Probably killable
|move|p2a: gengarr|Metronome|p2a: gengarr
|move|p2a: gengarr|Final Gambit|p1a: Probably killable|[from]Metronome
|-immune|p1a: Probably killable
|move|p1b: Unkillable|Metronome|p1b: Unkillable
|move|p1b: Unkillable|Fairy Lock|p1b: Unkillable|[from]Metronome
|-fieldactivate|move: Fairy Lock
|move|p2b: chanseyy|Metronome|p2b: chanseyy
|move|p2b: chanseyy|Pollen Puff|p1a: Probably killable|[from]Metronome
|-resisted|p1a: Probably killable
|-damage|p1a: Probably killable|97/100
|
|upkeep
|turn|2
|
|move|p2a: gengarr|Metronome|p2a: gengarr
|move|p2a: gengarr|Seismic Toss|p1b: Unkillable|[from]Metronome
|-damage|p1b: Unkillable|86/100
|move|p1a: Probably killable|Metronome|p1a: Probably killable
|move|p1a: Probably killable|Double Team|p1a: Probably killable|[from]Metronome
|-boost|p1a: Probably killable|evasion|1
|move|p2b: chanseyy|Metronome|p2b: chanseyy
|move|p2b: chanseyy|Power Swap|p1b: Unkillable|[from]Metronome
|-swapboost|p2b: chanseyy|p1b: Unkillable|atk, spa|[from] move: Power Swap
|move|p1b: Unkillable|Metronome|p1b: Unkillable
|move|p1b: Unkillable|Luster Purge|p2b: chanseyy|[from]Metronome
|-damage|p2b: chanseyy|98/100
|
|upkeep
|turn|3

|
|move|p2a: gengarr|Metronome|p2a: gengarr
|move|p2a: gengarr|Night Shade|p1a: Probably killable|[from]Metronome
|-damage|p1a: Probably killable|67/100
|move|p1a: Probably killable|Metronome|p1a: Probably killable
|move|p1a: Probably killable|Overheat|p2b: chanseyy|[from]Metronome
|-damage|p2b: chanseyy|90/100
|-unboost|p1a: Probably killable|spa|2
|move|p1b: Unkillable|Metronome|p1b: Unkillable
|move|p1b: Unkillable|Fire Blast|p2a: gengarr|[from]Metronome
|-damage|p2a: gengarr|95/100
|move|p2b: chanseyy|Metronome|p2b: chanseyy
|move|p2b: chanseyy|Fissure|p1b: Unkillable|[from]Metronome|[miss]
|-miss|p2b: chanseyy|p1b: Unkillable
|
|upkeep
|turn|4

|j| marien

|
|move|p2a: gengarr|Metronome|p2a: gengarr
|move|p2a: gengarr|Tri Attack|p1a: Probably killable|[from]Metronome
|-immune|p1a: Probably killable
|move|p1a: Probably killable|Metronome|p1a: Probably killable
|move|p1a: Probably killable|Slash|p2b: chanseyy|[from]Metronome
|-damage|p2b: chanseyy|81/100
|move|p1b: Unkillable|Metronome|p1b: Unkillable
|move|p1b: Unkillable|Struggle Bug|p2b: chanseyy|[from]Metronome|[spread] p2a,p2b
|-resisted|p2a: gengarr
|-damage|p2a: gengarr|94/100
|-damage|p2b: chanseyy|79/100
|-unboost|p2a: gengarr|spa|1
|-unboost|p2b: chanseyy|spa|1
|move|p2b: chanseyy|Metronome|p2b: chanseyy
|move|p2b: chanseyy|Nature's Madness|p1b: Unkillable|[from]Metronome
|-damage|p1b: Unkillable|43/100
|
|upkeep
|turn|5

|
|move|p2a: gengarr|Metronome|p2a: gengarr
|move|p2a: gengarr|Growl|p1b: Unkillable|[from]Metronome|[spread] p1a,p1b
|-unboost|p1a: Probably killable|atk|1
|-unboost|p1b: Unkillable|atk|1
|move|p1a: Probably killable|Metronome|p1a: Probably killable
|move|p1a: Probably killable|Poison Powder|p2b: chanseyy|[from]Metronome
|-status|p2b: chanseyy|psn
|move|p1b: Unkillable|Metronome|p1b: Unkillable
|move|p1b: Unkillable|Tailwind|p1b: Unkillable|[from]Metronome
|-sidestart|p1: Darkvamper~♪~|move: Tailwind
|move|p2b: chanseyy|Metronome|p2b: chanseyy
|move|p2b: chanseyy|Facade|p1b: Unkillable|[from]Metronome
|-damage|p1b: Unkillable|28/100
|-status|p1b: Unkillable|psn|[from] ability: Poison Touch|[of] p2b: chanseyy
|
|-damage|p1b: Unkillable|16/100 psn|[from] psn
|-damage|p2b: chanseyy|67/100 psn|[from] psn
|-fieldend|move: Water Sport
|upkeep
|turn|6

|
|move|p1a: Probably killable|Metronome|p1a: Probably killable
|move|p1a: Probably killable|Heal Pulse|p2b: chanseyy|[from]Metronome
|-heal|p2b: chanseyy|100/100 psn
|move|p2a: gengarr|Metronome|p2a: gengarr
|move|p2a: gengarr|Laser Focus|p2a: gengarr|[from]Metronome
|-start|p2a: gengarr|move: Laser Focus
|move|p1b: Unkillable|Metronome|p1b: Unkillable
|move|p1b: Unkillable|Acrobatics|p2a: gengarr|[from]Metronome
|-damage|p2a: gengarr|90/100
|move|p2b: chanseyy|Metronome|p2b: chanseyy
|move|p2b: chanseyy|Safeguard|p2b: chanseyy|[from]Metronome
|-sidestart|p2: Coza21|Safeguard
|
|-damage|p1b: Unkillable|3/100 psn|[from] psn
|-damage|p2b: chanseyy|88/100 psn|[from] psn
|upkeep
|turn|7

|
|move|p1a: Probably killable|Metronome|p1a: Probably killable
|move|p1a: Probably killable|Throat Chop|p2b: chanseyy|[from]Metronome
|-damage|p2b: chanseyy|81/100 psn
|-start|p2b: chanseyy|Throat Chop|[silent]
|move|p2a: gengarr|Metronome|p2a: gengarr
|move|p2a: gengarr|String Shot|p1a: Probably killable|[from]Metronome|[spread] p1b
|-miss|p2a: gengarr|p1a: Probably killable
|-unboost|p1b: Unkillable|spe|2
|move|p1b: Unkillable|Metronome|p1b: Unkillable
|move|p1b: Unkillable|Water Pulse|p2b: chanseyy|[from]Metronome
|-damage|p2b: chanseyy|79/100 psn
|move|p2b: chanseyy|Metronome|p2b: chanseyy
|move|p2b: chanseyy|Twister|p1a: Probably killable|[from]Metronome|[spread] p1a,p1b
|-damage|p1a: Probably killable|63/100
|-damage|p1b: Unkillable|2/100 psn
|
|-damage|p2b: chanseyy|66/100 psn|[from] psn
|-damage|p1b: Unkillable|0 fnt|[from] psn
|faint|p1b: Unkillable
|-end|p2a: gengarr|move: Laser Focus|[silent]
|upkeep
|turn|8

|j| kjijk

|
|move|p1a: Probably killable|Metronome|p1a: Probably killable
|move|p1a: Probably killable|Laser Focus|p1a: Probably killable|[from]Metronome
|-start|p1a: Probably killable|move: Laser Focus
|move|p2a: gengarr|Metronome|p2a: gengarr
|move|p2a: gengarr|Lunge|p1a: Probably killable|[from]Metronome|[miss]
|-miss|p2a: gengarr|p1a: Probably killable
|move|p2b: chanseyy|Metronome|p2b: chanseyy
|move|p2b: chanseyy|Overheat|p1a: Probably killable|[from]Metronome
|-crit|p1a: Probably killable
|-damage|p1a: Probably killable|37/100
|-unboost|p2b: chanseyy|spa|2
|
|-damage|p2b: chanseyy|54/100 psn|[from] psn
|-sideend|p1: Darkvamper~♪~|move: Tailwind
|-end|p2b: chanseyy|Throat Chop|[silent]
|upkeep
|turn|9

|
|move|p2a: gengarr|Metronome|p2a: gengarr
|move|p2a: gengarr|Swagger|p1a: Probably killable|[from]Metronome|[miss]
|-miss|p2a: gengarr|p1a: Probably killable
|move|p1a: Probably killable|Metronome|p1a: Probably killable
|move|p1a: Probably killable|Swallow||[from]Metronome|[still]
|-fail|p1a: Probably killable
|move|p2b: chanseyy|Metronome|p2b: chanseyy
|move|p2b: chanseyy|Thrash|p1a: Probably killable|[from]Metronome
|-immune|p1a: Probably killable
|
|-damage|p2b: chanseyy|41/100 psn|[from] psn
|-end|p1a: Probably killable|move: Laser Focus|[silent]
|upkeep
|turn|10

|
|move|p1a: Probably killable|Metronome|p1a: Probably killable
|move|p1a: Probably killable|Hypnosis|p2a: gengarr|[from]Metronome
|-activate|p2a: gengarr|move: Safeguard
|move|p2a: gengarr|Metronome|p2a: gengarr
|move|p2a: gengarr|Clear Smog|p1a: Probably killable|[from]Metronome
|-resisted|p1a: Probably killable
|-damage|p1a: Probably killable|30/100
|-clearboost|p1a: Probably killable
|move|p2b: chanseyy|Metronome|p2b: chanseyy
|move|p2b: chanseyy|Hone Claws|p2b: chanseyy|[from]Metronome
|-boost|p2b: chanseyy|atk|1
|-boost|p2b: chanseyy|accuracy|1
|
|-damage|p2b: chanseyy|29/100 psn|[from] psn
|-sideend|p2: Coza21|Safeguard
|upkeep
|turn|11

|j| CBC jf jf

|l| CBC jf jf

|
|move|p1a: Probably killable|Metronome|p1a: Probably killable
|move|p1a: Probably killable|Draining Kiss|p2b: chanseyy|[from]Metronome
|-damage|p2b: chanseyy|20/100 psn
|-heal|p1a: Probably killable|43/100|[from] drain|[of] p2b: chanseyy
|move|p2a: gengarr|Metronome|p2a: gengarr
|move|p2a: gengarr|Confide|p1a: Probably killable|[from]Metronome
|-unboost|p1a: Probably killable|spa|1
|move|p2b: chanseyy|Metronome|p2b: chanseyy
|move|p2b: chanseyy|Bulldoze|p1a: Probably killable|[from]Metronome|[spread] p2a,p1a
|-supereffective|p2a: gengarr
|-supereffective|p1a: Probably killable
|-damage|p2a: gengarr|75/100
|-damage|p1a: Probably killable|28/100
|-unboost|p2a: gengarr|spe|1
|-unboost|p1a: Probably killable|spe|1
|
|-damage|p2b: chanseyy|8/100 psn|[from] psn
|upkeep
|turn|12

|
|move|p1a: Probably killable|Metronome|p1a: Probably killable
|move|p1a: Probably killable|Tailwind|p1a: Probably killable|[from]Metronome
|-sidestart|p1: Darkvamper~♪~|move: Tailwind
|move|p2a: gengarr|Metronome|p2a: gengarr
|move|p2a: gengarr|Incinerate|p1a: Probably killable|[from]Metronome
|-damage|p1a: Probably killable|3/100
|move|p2b: chanseyy|Metronome|p2b: chanseyy
|move|p2b: chanseyy|Dragon Tail|p1a: Probably killable|[from]Metronome
|-damage|p1a: Probably killable|0 fnt
|faint|p1a: Probably killable
|
|win|Coza21