|init|battle
|title|Young Tiger vs. ObRb
|j|☆Young Tiger
|j|☆ObRb
|player|p1|Young Tiger|110|1417
|player|p2|ObRb|238|1372
|teamsize|p1|6
|teamsize|p2|6
|gametype|singles
|gen|7
|tier|[Gen 7] OU
|rated|
|rule|Sleep Clause Mod: Limit one foe put to sleep
|rule|Species Clause: Limit one of each Pokémon
|rule|OHKO Clause: OHKO moves are banned
|rule|Moody Clause: Moody is banned
|rule|Evasion Moves Clause: Evasion moves are banned
|rule|Endless Battle Clause: Forcing endless battles is banned
|rule|HP Percentage Mod: HP is shown in percentages
|clearpoke
|poke|p1|Landorus-Therian, M|item
|poke|p1|Diancie|item
|poke|p1|Celesteela|item
|poke|p1|Tapu Fini|item
|poke|p1|Kartana|item
|poke|p1|Blacephalon|item
|poke|p2|Pidgeot, F|item
|poke|p2|Hitmontop, M|item
|poke|p2|Quagsire, M|item
|poke|p2|Lurantis, F|item
|poke|p2|Volcanion|item
|poke|p2|Tapu Koko|item
|teampreview
|
|start
|switch|p1a: Landorus|Landorus-Therian, M|100/100
|switch|p2a: Quagsire|Quagsire, M|100/100
|-ability|p1a: Landorus|Intimidate|boost
|-unboost|p2a: Quagsire|atk|1
|turn|1
|inactive|Battle timer is ON: inactive players will automatically lose when time's up. (requested by Young Tiger)
|
|move|p1a: Landorus|U-turn|p2a: Quagsire
|-damage|p2a: Quagsire|80/100
|-damage|p1a: Landorus|84/100|[from] item: Rocky Helmet|[of] p2a: Quagsire
|
|switch|p1a: Tapu Fini|Tapu Fini|100/100|[from]move: U-turn
|-fieldstart|move: Misty Terrain|[from] ability: Misty Surge|[of] p1a: Tapu Fini
|move|p2a: Quagsire|Scald|p1a: Tapu Fini
|-resisted|p1a: Tapu Fini
|-damage|p1a: Tapu Fini|93/100
|
|-heal|p1a: Tapu Fini|99/100|[from] item: Leftovers
|upkeep
|turn|2

|
|switch|p2a: Volcanion|Volcanion|100/100
|move|p1a: Tapu Fini|Moonblast|p2a: Volcanion
|-resisted|p2a: Volcanion
|-damage|p2a: Volcanion|90/100
|
|-heal|p1a: Tapu Fini|100/100|[from] item: Leftovers
|upkeep
|turn|3

|
|move|p1a: Tapu Fini|Taunt|p2a: Volcanion
|-start|p2a: Volcanion|move: Taunt
|move|p2a: Volcanion|Sludge Bomb|p1a: Tapu Fini
|-supereffective|p1a: Tapu Fini
|-damage|p1a: Tapu Fini|47/100
|
|-heal|p1a: Tapu Fini|53/100|[from] item: Leftovers
|upkeep
|turn|4

|
|switch|p1a: Landorus|Landorus-Therian, M|84/100
|-ability|p1a: Landorus|Intimidate|boost
|-unboost|p2a: Volcanion|atk|1
|move|p2a: Volcanion|Steam Eruption|p1a: Landorus
|-supereffective|p1a: Landorus
|-damage|p1a: Landorus|0 fnt
|faint|p1a: Landorus
|
|upkeep

|
|switch|p1a: Diancie|Diancie|100/100
|turn|5

|
|switch|p2a: Quagsire|Quagsire, M|80/100
|detailschange|p1a: Diancie|Diancie-Mega
|-mega|p1a: Diancie|Diancie|Diancite
|move|p1a: Diancie|Moonblast|p2a: Quagsire
|-damage|p2a: Quagsire|16/100
|
|-fieldend|Misty Terrain
|upkeep
|turn|6

|
|move|p1a: Diancie|Moonblast|p2a: Quagsire
|-damage|p2a: Quagsire|0 fnt
|faint|p2a: Quagsire
|
|upkeep

|
|switch|p2a: Tapu Koko|Tapu Koko, shiny|100/100
|-fieldstart|move: Electric Terrain|[from] ability: Electric Surge|[of] p2a: Tapu Koko
|turn|7

|
|move|p2a: Tapu Koko|Discharge|p1a: Diancie
|-damage|p1a: Diancie|0 fnt
|faint|p1a: Diancie
|
|upkeep

|
|switch|p1a: Blacephalon|Blacephalon|100/100
|turn|8

|
|move|p2a: Tapu Koko|Discharge|p1a: Blacephalon
|-damage|p1a: Blacephalon|0 fnt
|faint|p1a: Blacephalon
|
|upkeep

|
|switch|p1a: Kartana|Kartana|100/100
|turn|9

|
|switch|p2a: Hitmontop|Hitmontop, M|100/100
|-ability|p2a: Hitmontop|Intimidate|boost
|-unboost|p1a: Kartana|atk|1
|move|p1a: Kartana|Leaf Blade|p2a: Hitmontop
|-damage|p2a: Hitmontop|60/100
|
|-heal|p2a: Hitmontop|66/100|[from] item: Leftovers
|upkeep
|turn|10

|
|move|p2a: Hitmontop|Fake Out|p1a: Kartana
|-resisted|p1a: Kartana
|-damage|p1a: Kartana|95/100
|cant|p1a: Kartana|flinch
|
|-heal|p2a: Hitmontop|72/100|[from] item: Leftovers
|upkeep
|turn|11

|
|move|p1a: Kartana|Swords Dance|p1a: Kartana
|-boost|p1a: Kartana|atk|2
|move|p2a: Hitmontop|Close Combat|p1a: Kartana
|-supereffective|p1a: Kartana
|-damage|p1a: Kartana|0 fnt
|-unboost|p2a: Hitmontop|def|1
|-unboost|p2a: Hitmontop|spd|1
|faint|p1a: Kartana
|
|-heal|p2a: Hitmontop|78/100|[from] item: Leftovers
|-fieldend|move: Electric Terrain
|upkeep

|-message|Young Tiger forfeited.

|
|win|ObRb