|init|battle
|title|JaraBasedlord vs. azumiao
|j|☆JaraBasedlord
|j|☆azumiao
|player|p1|JaraBasedlord|266|1490
|player|p2|azumiao|115|1477
|teamsize|p1|6
|teamsize|p2|6
|gametype|singles
|gen|7
|tier|[Gen 7] OU
|rated|
|rule|Sleep Clause Mod: Limit one foe put to sleep
|rule|Species Clause: Limit one of each Pokémon
|rule|OHKO Clause: OHKO moves are banned
|rule|Moody Clause: Moody is banned
|rule|Evasion Moves Clause: Evasion moves are banned
|rule|Endless Battle Clause: Forcing endless battles is banned
|rule|HP Percentage Mod: HP is shown in percentages
|clearpoke
|poke|p1|Marowak-Alola, M|item
|poke|p1|Uxie|item
|poke|p1|Azumarill, M|item
|poke|p1|Magearna|item
|poke|p1|Cresselia, F|item
|poke|p1|Heracross, M|item
|poke|p2|Diancie|item
|poke|p2|Ferrothorn, F|item
|poke|p2|Greninja, M|item
|poke|p2|Tapu Koko|item
|poke|p2|Landorus-Therian, M|item
|poke|p2|Tapu Fini|item
|teampreview
|inactive|Battle timer is ON: inactive players will automatically lose when time's up. (requested by JaraBasedlord)
|
|start
|switch|p1a: 🙈|Uxie|100/100
|switch|p2a: Ferrothorn|Ferrothorn, F|100/100
|turn|1
|
|move|p1a: 🙈|Stealth Rock|p2a: Ferrothorn
|-sidestart|p2: azumiao|move: Stealth Rock
|move|p2a: Ferrothorn|Spikes|p1a: 🙈
|-sidestart|p1: JaraBasedlord|Spikes
|
|upkeep
|turn|2
|
|move|p2a: Ferrothorn|Leech Seed|p1a: 🙈
|-start|p1a: 🙈|move: Leech Seed
|move|p1a: 🙈|Trick Room|p1a: 🙈
|-fieldstart|move: Trick Room|[of] p1a: 🙈
|
|-damage|p1a: 🙈|88/100|[from] Leech Seed|[of] p2a: Ferrothorn
|upkeep
|turn|3

|
|move|p2a: Ferrothorn|Spikes|p1a: 🙈
|-sidestart|p1: JaraBasedlord|Spikes
|move|p1a: 🙈|Memento|p2a: Ferrothorn
|-unboost|p2a: Ferrothorn|atk|2
|-unboost|p2a: Ferrothorn|spa|2
|faint|p1a: 🙈
|
|upkeep

|
|switch|p1a: 👻🤱|Marowak-Alola, M|100/100
|-damage|p1a: 👻🤱|84/100|[from] Spikes
|turn|4

|
|switch|p2a: Tapu Fini|Tapu Fini|100/100
|-damage|p2a: Tapu Fini|88/100|[from] Stealth Rock
|-fieldstart|move: Misty Terrain|[from] ability: Misty Surge|[of] p2a: Tapu Fini
|move|p1a: 👻🤱|Substitute|p1a: 👻🤱
|-start|p1a: 👻🤱|Substitute
|-damage|p1a: 👻🤱|59/100
|
|-heal|p2a: Tapu Fini|94/100|[from] item: Leftovers
|upkeep
|turn|5

|inactive|JaraBasedlord has 120 seconds left.

|
|move|p1a: 👻🤱|Shadow Bone|p2a: Tapu Fini
|-damage|p2a: Tapu Fini|27/100
|move|p2a: Tapu Fini|Nature's Madness|p1a: 👻🤱
|-end|p1a: 👻🤱|Substitute
|
|-heal|p2a: Tapu Fini|33/100|[from] item: Leftovers
|upkeep
|turn|6

|
|switch|p2a: Greninja|Greninja, M|100/100
|-damage|p2a: Greninja|88/100|[from] Stealth Rock
|move|p1a: 👻🤱|Bonemerang|p2a: Greninja|[miss]
|-miss|p1a: 👻🤱|p2a: Greninja
|
|-fieldend|move: Trick Room
|upkeep
|turn|7

|c|☆JaraBasedlord|wonderful..

|
|switch|p1a: 💦🐇|Azumarill, M|100/100
|-damage|p1a: 💦🐇|84/100|[from] Spikes
|move|p2a: Greninja|U-turn|p1a: 💦🐇
|-start|p2a: Greninja|typechange|Bug|[from] ability: Protean
|-resisted|p1a: 💦🐇
|-damage|p1a: 💦🐇|70/100

|
|switch|p2a: Tapu Koko|Tapu Koko|100/100|[from]move: U-turn
|-damage|p2a: Tapu Koko|88/100|[from] Stealth Rock
|-fieldstart|move: Electric Terrain|[from] ability: Electric Surge|[of] p2a: Tapu Koko
|
|upkeep
|turn|8

|
|move|p2a: Tapu Koko|U-turn|p1a: 💦🐇
|-resisted|p1a: 💦🐇
|-damage|p1a: 💦🐇|61/100

|
|switch|p2a: Ferrothorn|Ferrothorn, F|100/100|[from]move: U-turn
|-damage|p2a: Ferrothorn|95/100|[from] Stealth Rock
|move|p1a: 💦🐇|Belly Drum|p1a: 💦🐇
|-damage|p1a: 💦🐇|11/100
|-setboost|p1a: 💦🐇|atk|6|[from] move: Belly Drum
|-enditem|p1a: 💦🐇|Sitrus Berry|[eat]
|-heal|p1a: 💦🐇|36/100|[from] item: Sitrus Berry
|
|-heal|p2a: Ferrothorn|100/100|[from] item: Leftovers
|upkeep
|turn|9

|inactive|JaraBasedlord has 120 seconds left.

|
|move|p1a: 💦🐇|Knock Off|p2a: Ferrothorn
|-damage|p2a: Ferrothorn|0 fnt
|-damage|p1a: 💦🐇|24/100|[from] ability: Iron Barbs|[of] p2a: Ferrothorn
|-enditem|p2a: Ferrothorn|Leftovers|[from] move: Knock Off|[of] p1a: 💦🐇
|faint|p2a: Ferrothorn
|
|upkeep

|
|switch|p2a: Tapu Fini|Tapu Fini|33/100
|-damage|p2a: Tapu Fini|21/100|[from] Stealth Rock
|-fieldstart|move: Misty Terrain|[from] ability: Misty Surge|[of] p2a: Tapu Fini
|turn|10

|
|move|p1a: 💦🐇|Aqua Jet|p2a: Tapu Fini
|-resisted|p2a: Tapu Fini
|-damage|p2a: Tapu Fini|0 fnt
|faint|p2a: Tapu Fini
|
|upkeep

|
|switch|p2a: Greninja|Greninja, M|88/100
|-damage|p2a: Greninja|76/100|[from] Stealth Rock
|turn|11

|
|move|p1a: 💦🐇|Aqua Jet|p2a: Greninja
|-resisted|p2a: Greninja
|-damage|p2a: Greninja|0 fnt
|faint|p2a: Greninja
|
|upkeep

|-message|azumiao forfeited.

|
|win|JaraBasedlord