|init|battle
|title|Dark Noir26 vs. Ainka
|j|☆Dark Noir26
|j|☆Ainka
|player|p1|Dark Noir26|238|1319
|player|p2|Ainka|rocker-gen3|1449
|teamsize|p1|6
|teamsize|p2|6
|gametype|singles
|gen|7
|tier|[Gen 7] OU
|rated|
|rule|Sleep Clause Mod: Limit one foe put to sleep
|rule|Species Clause: Limit one of each Pokémon
|rule|OHKO Clause: OHKO moves are banned
|rule|Moody Clause: Moody is banned
|rule|Evasion Moves Clause: Evasion moves are banned
|rule|Endless Battle Clause: Forcing endless battles is banned
|rule|HP Percentage Mod: HP is shown in percentages
|clearpoke
|poke|p1|Incineroar, M|item
|poke|p1|Medicham, M|item
|poke|p1|Tapu Lele|item
|poke|p1|Ferrothorn, F|item
|poke|p1|Rotom-Wash|item
|poke|p1|Dragonite, F|item
|poke|p2|Tapu Bulu|item
|poke|p2|Tyranitar, F|item
|poke|p2|Kommo-o, M|item
|poke|p2|Camerupt, M|item
|poke|p2|Vaporeon, F|item
|poke|p2|Celesteela|item
|teampreview
|
|start
|switch|p1a: Incineroar|Incineroar, M|100/100
|switch|p2a: Camerupt|Camerupt, M|100/100
|-ability|p1a: Incineroar|Intimidate|boost
|-unboost|p2a: Camerupt|atk|1
|turn|1

|
|detailschange|p2a: Camerupt|Camerupt-Mega, M
|-mega|p2a: Camerupt|Camerupt|Cameruptite
|move|p1a: Incineroar|U-turn|p2a: Camerupt
|-resisted|p2a: Camerupt
|-damage|p2a: Camerupt|87/100

|
|switch|p1a: Dragonite|Dragonite, F|100/100|[from]move: U-turn
|move|p2a: Camerupt|Stealth Rock|p1a: Dragonite
|-sidestart|p1: Dark Noir26|move: Stealth Rock
|
|upkeep
|turn|2

|
|switch|p2a: Vaporeon|Vaporeon, F|100/100
|move|p1a: Dragonite|Dragon Dance|p1a: Dragonite
|-boost|p1a: Dragonite|atk|1
|-boost|p1a: Dragonite|spe|1
|
|upkeep
|turn|3

|
|-zpower|p1a: Dragonite
|move|p1a: Dragonite|Devastating Drake|p2a: Vaporeon|[zeffect]
|-damage|p2a: Vaporeon|0 fnt
|faint|p2a: Vaporeon
|
|upkeep

|
|switch|p2a: Kommo-o|Kommo-o, M|100/100
|turn|4

|
|move|p1a: Dragonite|Outrage|p2a: Kommo-o
|-supereffective|p2a: Kommo-o
|-damage|p2a: Kommo-o|0 fnt
|faint|p2a: Kommo-o
|
|upkeep

|
|switch|p2a: Celesteela|Celesteela|100/100
|turn|5

|
|move|p1a: Dragonite|Outrage|p2a: Celesteela|[from]lockedmove
|-resisted|p2a: Celesteela
|-damage|p2a: Celesteela|59/100
|-start|p1a: Dragonite|confusion|[fatigue]
|move|p2a: Celesteela|Heavy Slam|p1a: Dragonite
|-damage|p1a: Dragonite|72/100
|
|upkeep
|turn|6

|
|-activate|p1a: Dragonite|confusion
|move|p1a: Dragonite|Fire Punch|p2a: Celesteela
|-supereffective|p2a: Celesteela
|-damage|p2a: Celesteela|0 fnt
|faint|p2a: Celesteela
|
|upkeep

|
|switch|p2a: Tyranitar|Tyranitar, F|100/100
|-ability|p2a: Tyranitar|Unnerve|p1: Dark Noir26
|turn|7

|
|-end|p1a: Dragonite|confusion
|move|p1a: Dragonite|Outrage|p2a: Tyranitar
|-damage|p2a: Tyranitar|13/100
|move|p2a: Tyranitar|Crunch|p1a: Dragonite
|-damage|p1a: Dragonite|20/100
|
|upkeep
|turn|8

|
|move|p1a: Dragonite|Outrage|p2a: Tyranitar|[from]lockedmove
|-damage|p2a: Tyranitar|0 fnt
|-start|p1a: Dragonite|confusion|[fatigue]
|faint|p2a: Tyranitar
|
|upkeep

|
|switch|p2a: Tapu Bulu|Tapu Bulu|100/100
|-fieldstart|move: Grassy Terrain|[from] ability: Grassy Surge|[of] p2a: Tapu Bulu
|turn|9

|
|-activate|p1a: Dragonite|confusion
|move|p1a: Dragonite|Fire Punch|p2a: Tapu Bulu
|-supereffective|p2a: Tapu Bulu
|-crit|p2a: Tapu Bulu
|-damage|p2a: Tapu Bulu|3/100
|move|p2a: Tapu Bulu|Substitute|p2a: Tapu Bulu
|-fail|p2a: Tapu Bulu|move: Substitute|[weak]
|
|-heal|p2a: Tapu Bulu|9/100|[from] Grassy Terrain
|upkeep
|turn|10

|
|-activate|p1a: Dragonite|confusion
|move|p1a: Dragonite|Extreme Speed|p2a: Tapu Bulu
|-damage|p2a: Tapu Bulu|0 fnt
|faint|p2a: Tapu Bulu
|
|upkeep

|
|switch|p2a: Camerupt|Camerupt-Mega, M|87/100
|turn|11

|
|-activate|p1a: Dragonite|confusion
|move|p1a: Dragonite|Outrage|p2a: Camerupt
|-damage|p2a: Camerupt|0 fnt
|faint|p2a: Camerupt
|
|win|Dark Noir26