|init|battle
|title|zenaku23 vs. shawty in luv
|j|☆zenaku23
|j|☆shawty in luv
|player|p1|zenaku23|101|1677
|player|p2|shawty in luv|phoebe-gen3|1593
|teamsize|p1|6
|teamsize|p2|6
|gametype|singles
|gen|7
|tier|[Gen 7] OU
|rated|
|rule|Sleep Clause Mod: Limit one foe put to sleep
|rule|Species Clause: Limit one of each Pokémon
|rule|OHKO Clause: OHKO moves are banned
|rule|Moody Clause: Moody is banned
|rule|Evasion Moves Clause: Evasion moves are banned
|rule|Endless Battle Clause: Forcing endless battles is banned
|rule|HP Percentage Mod: HP is shown in percentages
|clearpoke
|poke|p1|Volcarona, M|item
|poke|p1|Tapu Lele|item
|poke|p1|Landorus-Therian, M|item
|poke|p1|Ferrothorn, M|item
|poke|p1|Mawile, F|item
|poke|p1|Keldeo-Resolute|item
|poke|p2|Pangoro, M|item
|poke|p2|Seismitoad, F|item
|poke|p2|Tangrowth, F|item
|poke|p2|Magearna|item
|poke|p2|Tornadus-Therian, M|item
|poke|p2|Latios, M|item
|teampreview
|inactive|Battle timer is ON: inactive players will automatically lose when time's up. (requested by zenaku23)
|inactive|shawty in luv has 120 seconds left.
|
|start
|switch|p1a: Ferrothorn|Ferrothorn, M|100/100
|switch|p2a: Tornadus|Tornadus-Therian, M|100/100
|turn|1
|
|move|p2a: Tornadus|Taunt|p1a: Ferrothorn
|-start|p1a: Ferrothorn|move: Taunt
|cant|p1a: Ferrothorn|move: Taunt|Stealth Rock
|
|upkeep
|turn|2
|
|move|p2a: Tornadus|Hurricane|p1a: Ferrothorn|[miss]
|-miss|p2a: Tornadus|p1a: Ferrothorn
|move|p1a: Ferrothorn|Gyro Ball|p2a: Tornadus
|-damage|p2a: Tornadus|30/100
|
|upkeep
|turn|3
|
|switch|p2a: Tangrowth|Tangrowth, F|100/100
|switch|p1a: Volcarona|Volcarona, M|100/100
|
|upkeep
|turn|4
|
|switch|p2a: Seismitoad|Seismitoad, F|100/100
|move|p1a: Volcarona|Flamethrower|p2a: Seismitoad
|-resisted|p2a: Seismitoad
|-damage|p2a: Seismitoad|87/100
|
|-heal|p2a: Seismitoad|93/100|[from] item: Leftovers
|upkeep
|turn|5
|
|move|p1a: Volcarona|Giga Drain|p2a: Seismitoad
|-supereffective|p2a: Seismitoad
|-damage|p2a: Seismitoad|29/100
|move|p2a: Seismitoad|Stealth Rock|p1a: Volcarona
|-sidestart|p1: zenaku23|move: Stealth Rock
|
|-heal|p2a: Seismitoad|35/100|[from] item: Leftovers
|upkeep
|turn|6
|
|move|p1a: Volcarona|Quiver Dance|p1a: Volcarona
|-boost|p1a: Volcarona|spa|1
|-boost|p1a: Volcarona|spd|1
|-boost|p1a: Volcarona|spe|1
|move|p2a: Seismitoad|Toxic|p1a: Volcarona|[miss]
|-miss|p2a: Seismitoad|p1a: Volcarona
|
|-heal|p2a: Seismitoad|41/100|[from] item: Leftovers
|upkeep
|turn|7
|c|☆shawty in luv|nice

|c|☆zenaku23|Why stay in

|
|move|p1a: Volcarona|Giga Drain|p2a: Seismitoad
|-supereffective|p2a: Seismitoad
|-damage|p2a: Seismitoad|0 fnt
|faint|p2a: Seismitoad
|
|upkeep

|
|switch|p2a: Latios|Latios, M|100/100
|turn|8

|c|☆shawty in luv|predicting quiver

|
|detailschange|p2a: Latios|Latios-Mega, M
|-mega|p2a: Latios|Latios|Latiosite
|move|p1a: Volcarona|Quiver Dance|p1a: Volcarona
|-boost|p1a: Volcarona|spa|1
|-boost|p1a: Volcarona|spd|1
|-boost|p1a: Volcarona|spe|1
|move|p2a: Latios|Psychic|p1a: Volcarona
|-damage|p1a: Volcarona|76/100
|
|upkeep
|turn|9

|c|☆shawty in luv|what other play do i have

|inactive|zenaku23 has 120 seconds left.

|c|☆zenaku23|It's understandable

|
|move|p1a: Volcarona|Quiver Dance|p1a: Volcarona
|-boost|p1a: Volcarona|spa|1
|-boost|p1a: Volcarona|spd|1
|-boost|p1a: Volcarona|spe|1
|move|p2a: Latios|Psychic|p1a: Volcarona
|-damage|p1a: Volcarona|55/100
|
|upkeep
|turn|10

|
|move|p1a: Volcarona|Roost|p1a: Volcarona
|-heal|p1a: Volcarona|100/100
|-singleturn|p1a: Volcarona|move: Roost
|move|p2a: Latios|Psychic|p1a: Volcarona
|-damage|p1a: Volcarona|81/100
|
|upkeep
|turn|11

|
|move|p1a: Volcarona|Flamethrower|p2a: Latios
|-resisted|p2a: Latios
|-damage|p2a: Latios|43/100
|move|p2a: Latios|Psychic|p1a: Volcarona
|-crit|p1a: Volcarona
|-damage|p1a: Volcarona|12/100
|-unboost|p1a: Volcarona|spd|1
|
|upkeep
|turn|12

|
|move|p1a: Volcarona|Roost|p1a: Volcarona
|-heal|p1a: Volcarona|62/100
|-singleturn|p1a: Volcarona|move: Roost
|move|p2a: Latios|Earthquake|p1a: Volcarona
|-damage|p1a: Volcarona|30/100
|
|upkeep
|turn|13

|
|move|p1a: Volcarona|Roost|p1a: Volcarona
|-heal|p1a: Volcarona|80/100
|-singleturn|p1a: Volcarona|move: Roost
|move|p2a: Latios|Earthquake|p1a: Volcarona
|-damage|p1a: Volcarona|45/100
|
|upkeep
|turn|14

|
|move|p1a: Volcarona|Roost|p1a: Volcarona
|-heal|p1a: Volcarona|95/100
|-singleturn|p1a: Volcarona|move: Roost
|move|p2a: Latios|Psychic|p1a: Volcarona
|-damage|p1a: Volcarona|71/100
|
|upkeep
|turn|15

|
|move|p1a: Volcarona|Flamethrower|p2a: Latios
|-resisted|p2a: Latios
|-damage|p2a: Latios|0 fnt
|faint|p2a: Latios
|
|upkeep

|-message|shawty in luv forfeited.

|
|win|zenaku23