|init|battle
|title|Alexjimar vs. afasfhakcad
|j|☆Alexjimar
|j|☆afasfhakcad
|player|p1|Alexjimar|2|1022
|player|p2|afasfhakcad|169|1000
|teamsize|p1|6
|teamsize|p2|6
|gametype|singles
|gen|7
|tier|[Gen 7] Random Battle
|rated|
|rule|Sleep Clause Mod: Limit one foe put to sleep
|rule|HP Percentage Mod: HP is shown in percentages
|
|start
|switch|p1a: Reuniclus|Reuniclus, L83, M|100/100
|switch|p2a: Escavalier|Escavalier, L84, F|100/100
|turn|1
|inactive|Battle timer is ON: inactive players will automatically lose when time's up. (requested by afasfhakcad)

|
|switch|p1a: Machamp|Machamp, L84, M|100/100
|move|p2a: Escavalier|Megahorn|p1a: Machamp
|-resisted|p1a: Machamp
|-damage|p1a: Machamp|54/100
|
|-heal|p1a: Machamp|60/100|[from] item: Leftovers
|upkeep
|turn|2

|
|switch|p2a: Crobat|Crobat, L82, M|100/100
|move|p1a: Machamp|Dynamic Punch|p2a: Crobat
|-resisted|p2a: Crobat
|-damage|p2a: Crobat|87/100
|-start|p2a: Crobat|confusion
|
|-heal|p2a: Crobat|94/100|[from] item: Black Sludge
|-heal|p1a: Machamp|66/100|[from] item: Leftovers
|upkeep
|turn|3

|inactive|afasfhakcad has 120 seconds left.

|
|-activate|p2a: Crobat|confusion
|-damage|p2a: Crobat|83/100|[from] confusion
|move|p1a: Machamp|Stone Edge|p2a: Crobat
|-supereffective|p2a: Crobat
|-damage|p2a: Crobat|12/100
|
|-heal|p2a: Crobat|18/100|[from] item: Black Sludge
|-heal|p1a: Machamp|72/100|[from] item: Leftovers
|upkeep
|turn|4

|l|☆afasfhakcad

|inactive|afasfhakcad disconnected and has a minute to reconnect!

|player|p2|

|
|move|p1a: Machamp|Bullet Punch|p2a: Crobat
|-damage|p2a: Crobat|4/100
|-activate|p2a: Crobat|confusion
|move|p2a: Crobat|Roost|p2a: Crobat
|-heal|p2a: Crobat|54/100
|-singleturn|p2a: Crobat|move: Roost
|
|-heal|p2a: Crobat|60/100|[from] item: Black Sludge
|-heal|p1a: Machamp|79/100|[from] item: Leftovers
|upkeep
|turn|5

|inactive|Alexjimar has 120 seconds left.

|inactive|afasfhakcad has 30 seconds to reconnect!

|inactive|afasfhakcad has 20 seconds to reconnect!

|inactive|afasfhakcad has 15 seconds to reconnect!

|inactive|Alexjimar has 90 seconds left.
|inactive|afasfhakcad has 10 seconds to reconnect!

|inactive|afasfhakcad has 5 seconds to reconnect!

|-message|afasfhakcad lost due to inactivity.
|
|win|Alexjimar