|init|battle
|title|KogasaTatarka vs. Vaporiport9
|j|☆KogasaTatarka
|j|☆Vaporiport9
|player|p1|KogasaTatarka|17|1023
|player|p2|Vaporiport9|170|1000
|teamsize|p1|6
|teamsize|p2|6
|gametype|singles
|gen|7
|tier|[Gen 7] OU
|rated|
|rule|Sleep Clause Mod: Limit one foe put to sleep
|rule|Species Clause: Limit one of each Pokémon
|rule|OHKO Clause: OHKO moves are banned
|rule|Moody Clause: Moody is banned
|rule|Evasion Moves Clause: Evasion moves are banned
|rule|Endless Battle Clause: Forcing endless battles is banned
|rule|HP Percentage Mod: HP is shown in percentages
|clearpoke
|poke|p1|Heracross, F|item
|poke|p1|Volcarona, M|item
|poke|p1|Crustle, F|item
|poke|p1|Ribombee, M|item
|poke|p1|Leavanny, F|item
|poke|p1|Galvantula, M|item
|poke|p2|Tapu Lele|item
|poke|p2|Landorus-Therian, M|item
|poke|p2|Toxapex, F|item
|poke|p2|Sharpedo, F|item
|poke|p2|Hawlucha, M|item
|poke|p2|Ferrothorn, F|item
|teampreview
|c|☆Vaporiport9|gl
|
|start
|switch|p1a: Crustle|Crustle, F|100/100
|switch|p2a: Landorus|Landorus-Therian, M|100/100
|-ability|p2a: Landorus|Intimidate|boost
|-unboost|p1a: Crustle|atk|1
|turn|1
|
|move|p2a: Landorus|Earthquake|p1a: Crustle
|-damage|p1a: Crustle|57/100
|move|p1a: Crustle|Stealth Rock|p2a: Landorus
|-sidestart|p2: Vaporiport9|move: Stealth Rock
|
|-heal|p1a: Crustle|64/100|[from] item: Leftovers
|upkeep
|turn|2
|
|move|p2a: Landorus|Earthquake|p1a: Crustle
|-damage|p1a: Crustle|22/100
|move|p1a: Crustle|Spikes|p2a: Landorus
|-sidestart|p2: Vaporiport9|Spikes
|
|-heal|p1a: Crustle|28/100|[from] item: Leftovers
|upkeep
|turn|3
|
|move|p2a: Landorus|Earthquake|p1a: Crustle
|-damage|p1a: Crustle|0 fnt
|faint|p1a: Crustle
|
|upkeep
|
|switch|p1a: Leavanny|Leavanny, F|100/100
|turn|4
|
|switch|p2a: Ferrothorn|Ferrothorn, F|100/100
|-damage|p2a: Ferrothorn|88/100|[from] Spikes
|-damage|p2a: Ferrothorn|82/100|[from] Stealth Rock
|move|p1a: Leavanny|Leaf Blade|p2a: Ferrothorn
|-resisted|p2a: Ferrothorn
|-damage|p2a: Ferrothorn|76/100
|-damage|p1a: Leavanny|88/100|[from] ability: Iron Barbs|[of] p2a: Ferrothorn
|
|upkeep
|turn|5

|
|switch|p1a: Volcarona|Volcarona, M|100/100
|move|p2a: Ferrothorn|Stealth Rock|p1a: Volcarona
|-sidestart|p1: KogasaTatarka|move: Stealth Rock
|
|upkeep
|turn|6

|
|switch|p2a: Landorus|Landorus-Therian, M|100/100
|-damage|p2a: Landorus|88/100|[from] Stealth Rock
|-ability|p2a: Landorus|Intimidate|boost
|-unboost|p1a: Volcarona|atk|1
|move|p1a: Volcarona|Heat Wave|p2a: Landorus
|-damage|p2a: Landorus|40/100
|
|upkeep
|turn|7

|
|switch|p2a: Toxapex|Toxapex, F, shiny|100/100
|-damage|p2a: Toxapex|88/100|[from] Stealth Rock
|-damage|p2a: Toxapex|75/100|[from] Spikes
|move|p1a: Volcarona|Heat Wave|p2a: Toxapex
|-resisted|p2a: Toxapex
|-damage|p2a: Toxapex|61/100
|
|upkeep
|turn|8

|
|switch|p1a: Galvantula|Galvantula, M|100/100
|-damage|p1a: Galvantula|75/100|[from] Stealth Rock
|move|p2a: Toxapex|Toxic|p1a: Galvantula
|-status|p1a: Galvantula|tox
|
|-damage|p1a: Galvantula|69/100 tox|[from] psn
|upkeep
|turn|9

|
|switch|p2a: Ferrothorn|Ferrothorn, F|76/100
|-damage|p2a: Ferrothorn|70/100|[from] Stealth Rock
|-damage|p2a: Ferrothorn|58/100|[from] Spikes
|move|p1a: Galvantula|Discharge|p2a: Ferrothorn
|-resisted|p2a: Ferrothorn
|-damage|p2a: Ferrothorn|49/100
|
|-damage|p1a: Galvantula|57/100 tox|[from] psn
|upkeep
|turn|10

|
|move|p1a: Galvantula|Bug Buzz|p2a: Ferrothorn
|-damage|p2a: Ferrothorn|27/100
|move|p2a: Ferrothorn|Gyro Ball|p1a: Galvantula
|-resisted|p1a: Galvantula
|-damage|p1a: Galvantula|21/100 tox
|-damage|p2a: Ferrothorn|10/100|[from] item: Rocky Helmet|[of] p1a: Galvantula
|
|-damage|p1a: Galvantula|2/100 tox|[from] psn
|upkeep
|turn|11

|
|move|p1a: Galvantula|Bug Buzz|p2a: Ferrothorn
|-damage|p2a: Ferrothorn|0 fnt
|faint|p2a: Ferrothorn
|
|-damage|p1a: Galvantula|0 fnt|[from] psn
|faint|p1a: Galvantula
|upkeep

|
|switch|p1a: Ribombee|Ribombee, M|100/100
|switch|p2a: Tapu Lele|Tapu Lele|100/100
|-damage|p2a: Tapu Lele|88/100|[from] Stealth Rock
|-damage|p2a: Tapu Lele|76/100|[from] Spikes
|-fieldstart|move: Psychic Terrain|[from] ability: Psychic Surge|[of] p2a: Tapu Lele
|-damage|p1a: Ribombee|75/100|[from] Stealth Rock
|turn|12

|c|☆KogasaTatarka|Good luck to you too

|l|☆Vaporiport9

|player|p2|
|c|☆KogasaTatarka|I didn't see your message xd

|inactive|Battle timer is ON: inactive players will automatically lose when time's up. (requested by KogasaTatarka)

|inactive|Vaporiport9 has 30 seconds to reconnect!

|inactive|Vaporiport9 has 20 seconds to reconnect!

|inactive|Vaporiport9 has 15 seconds to reconnect!

|j|☆Vaporiport9

|inactive|Vaporiport9 reconnected and has 105 seconds left.

|player|p2|Vaporiport9|170

|l|☆Vaporiport9

|inactive|Vaporiport9 disconnected and has a minute to reconnect!

|player|p2|

|inactive|Vaporiport9 has 30 seconds to reconnect!

|inactive|Vaporiport9 has 20 seconds to reconnect!

|inactive|Vaporiport9 has 15 seconds to reconnect!

|inactive|Vaporiport9 has 10 seconds to reconnect!

|inactive|Vaporiport9 has 5 seconds to reconnect!

|-message|Vaporiport9 lost due to inactivity.
|
|win|KogasaTatarka