|init|battle
|title|TwetleYT vs. Dbbddbdb
|j|☆TwetleYT
|j|☆Dbbddbdb
|player|p1|TwetleYT|265|1000
|player|p2|Dbbddbdb|170|1107
|teamsize|p1|3
|teamsize|p2|6
|gametype|singles
|gen|7
|tier|[Gen 7] Ubers
|rated|
|rule|Sleep Clause Mod: Limit one foe put to sleep
|rule|Species Clause: Limit one of each Pokémon
|rule|OHKO Clause: OHKO moves are banned
|rule|Moody Clause: Moody is banned
|rule|Evasion Moves Clause: Evasion moves are banned
|rule|Endless Battle Clause: Forcing endless battles is banned
|rule|HP Percentage Mod: HP is shown in percentages
|clearpoke
|poke|p1|Beedrill, M|item
|poke|p1|Forretress, F|item
|poke|p1|Galvantula, M|item
|poke|p2|Rayquaza|item
|poke|p2|Smeargle, M|item
|poke|p2|Xerneas|item
|poke|p2|Yveltal|item
|poke|p2|Groudon|item
|poke|p2|Arceus-*|item
|rule|Mega Rayquaza Clause: You cannot mega evolve Rayquaza
|teampreview
|
|start
|switch|p1a: Galvantula|Galvantula, M, shiny|100/100
|switch|p2a: Rayquaza|Rayquaza|100/100
|-ability|p2a: Rayquaza|Air Lock
|turn|1
|
|move|p1a: Galvantula|Sticky Web|p2a: Rayquaza
|-sidestart|p2: Dbbddbdb|move: Sticky Web
|move|p2a: Rayquaza|Earthquake|p1a: Galvantula
|-damage|p1a: Galvantula|30/100
|
|upkeep
|turn|2
|
|move|p1a: Galvantula|Toxic|p2a: Rayquaza
|-status|p2a: Rayquaza|tox
|-enditem|p2a: Rayquaza|Lum Berry|[eat]
|-curestatus|p2a: Rayquaza|tox|[msg]
|move|p2a: Rayquaza|Earthquake|p1a: Galvantula
|-damage|p1a: Galvantula|0 fnt
|faint|p1a: Galvantula
|
|upkeep
|
|switch|p1a: Forretress|Forretress, F, shiny|100/100
|turn|3
|
|move|p2a: Rayquaza|Earthquake|p1a: Forretress
|-damage|p1a: Forretress|78/100
|move|p1a: Forretress|Stealth Rock|p2a: Rayquaza
|-sidestart|p2: Dbbddbdb|move: Stealth Rock
|
|-heal|p1a: Forretress|84/100|[from] item: Leftovers
|upkeep
|turn|4
|
|move|p2a: Rayquaza|Dragon Ascent|p1a: Forretress
|-damage|p1a: Forretress|43/100
|-unboost|p2a: Rayquaza|def|1
|-unboost|p2a: Rayquaza|spd|1
|move|p1a: Forretress|Spikes|p2a: Rayquaza
|-sidestart|p2: Dbbddbdb|Spikes
|
|-heal|p1a: Forretress|49/100|[from] item: Leftovers
|upkeep
|turn|5

|
|move|p2a: Rayquaza|Dragon Ascent|p1a: Forretress
|-damage|p1a: Forretress|9/100
|-unboost|p2a: Rayquaza|def|1
|-unboost|p2a: Rayquaza|spd|1
|move|p1a: Forretress|Toxic Spikes|p2a: Rayquaza
|-sidestart|p2: Dbbddbdb|move: Toxic Spikes
|
|-heal|p1a: Forretress|15/100|[from] item: Leftovers
|upkeep
|turn|6

|
|move|p2a: Rayquaza|Earthquake|p1a: Forretress
|-damage|p1a: Forretress|0 fnt
|faint|p1a: Forretress
|
|upkeep

|
|switch|p1a: Big duck bee|Beedrill, M, shiny|100/100
|turn|7

|
|detailschange|p1a: Big duck bee|Beedrill-Mega, M, shiny
|-mega|p1a: Big duck bee|Beedrill|Beedrillite
|move|p1a: Big duck bee|Protect|p1a: Big duck bee
|-singleturn|p1a: Big duck bee|Protect
|move|p2a: Rayquaza|Earthquake|p1a: Big duck bee
|-activate|p1a: Big duck bee|move: Protect
|
|upkeep
|turn|8

|
|move|p1a: Big duck bee|Poison Jab|p2a: Rayquaza
|-damage|p2a: Rayquaza|0 fnt
|faint|p2a: Rayquaza
|
|upkeep

|
|switch|p2a: Smeargle|Smeargle, M|100/100
|-damage|p2a: Smeargle|88/100|[from] Stealth Rock
|-status|p2a: Smeargle|psn
|-activate|p2a: Smeargle|move: Sticky Web
|-unboost|p2a: Smeargle|spe|1
|-damage|p2a: Smeargle|76/100 psn|[from] Spikes
|turn|9

|
|move|p1a: Big duck bee|Fell Stinger|p2a: Smeargle
|-damage|p2a: Smeargle|0 fnt
|-boost|p1a: Big duck bee|atk|3
|faint|p2a: Smeargle
|
|upkeep

|
|switch|p2a: Xerneas|Xerneas|100/100
|-damage|p2a: Xerneas|88/100|[from] Spikes
|-damage|p2a: Xerneas|76/100|[from] Stealth Rock
|-activate|p2a: Xerneas|move: Sticky Web
|-unboost|p2a: Xerneas|spe|1
|-status|p2a: Xerneas|psn
|-ability|p2a: Xerneas|Fairy Aura
|turn|10

|
|move|p1a: Big duck bee|Poison Jab|p2a: Xerneas
|-supereffective|p2a: Xerneas
|-damage|p2a: Xerneas|0 fnt
|faint|p2a: Xerneas
|
|upkeep

|
|switch|p2a: Groudon|Groudon|100/100
|-activate|p2a: Groudon|move: Sticky Web
|-unboost|p2a: Groudon|spe|1
|-status|p2a: Groudon|psn
|-damage|p2a: Groudon|94/100 psn|[from] Stealth Rock
|-damage|p2a: Groudon|82/100 psn|[from] Spikes
|detailschange|p2a: Groudon|Groudon-Primal
|-primal|p2a: Groudon
|-weather|DesolateLand|[from] ability: Desolate Land|[of] p2a: Groudon
|turn|11

|
|move|p1a: Big duck bee|Protect|p1a: Big duck bee
|-singleturn|p1a: Big duck bee|Protect
|move|p2a: Groudon|Earthquake|p1a: Big duck bee
|-activate|p1a: Big duck bee|move: Protect
|
|-weather|DesolateLand|[upkeep]
|-damage|p2a: Groudon|70/100 psn|[from] psn
|upkeep
|turn|12

|
|move|p1a: Big duck bee|Fell Stinger|p2a: Groudon
|-resisted|p2a: Groudon
|-damage|p2a: Groudon|43/100 psn
|move|p2a: Groudon|Earthquake|p1a: Big duck bee
|-damage|p1a: Big duck bee|0 fnt
|faint|p1a: Big duck bee
|
|win|Dbbddbdb