|init|battle
|title|itwasn'tggitwasbg vs. Guest 1376402
|j|☆itwasn'tggitwasbg
|player|p1|itwasn'tggitwasbg|102|1176
|player|p2|Guest 1376402|102|1165
|teamsize|p1|6
|teamsize|p2|6
|gametype|singles
|gen|7
|tier|[Gen 7] OU
|rated|
|rule|Sleep Clause Mod: Limit one foe put to sleep
|rule|Species Clause: Limit one of each Pokémon
|rule|OHKO Clause: OHKO moves are banned
|rule|Moody Clause: Moody is banned
|rule|Evasion Moves Clause: Evasion moves are banned
|rule|Endless Battle Clause: Forcing endless battles is banned
|rule|HP Percentage Mod: HP is shown in percentages
|clearpoke
|poke|p1|Ferrothorn, F|item
|poke|p1|Pelipper, M|item
|poke|p1|Swampert, F|item
|poke|p1|Tornadus-Therian, M|item
|poke|p1|Kingdra, M|item
|poke|p1|Greninja, M|item
|poke|p2|Medicham, M|item
|poke|p2|Kyurem-Black|item
|poke|p2|Landorus-Therian, M|item
|poke|p2|Tapu Koko|item
|poke|p2|Hawlucha, M|item
|poke|p2|Magearna|item
|teampreview
|inactive|Battle timer is ON: inactive players will automatically lose when time's up. (requested by itwasn'tggitwasbg)
|inactive|Guest 1376402 also wants the timer to be on.
|inactive|Guest 1376402 has 120 seconds left.
|
|start
|switch|p1a: Ferrothorn|Ferrothorn, F|100/100
|switch|p2a: Kyurem|Kyurem-Black, shiny|100/100
|-ability|p2a: Kyurem|Teravolt
|turn|1

|
|switch|p2a: Medicham|Medicham, M|100/100
|move|p1a: Ferrothorn|Thunder Wave|p2a: Medicham
|-status|p2a: Medicham|par
|
|upkeep
|turn|2

|
|detailschange|p2a: Medicham|Medicham-Mega, M
|-mega|p2a: Medicham|Medicham|Medichamite
|cant|p2a: Medicham|par
|move|p1a: Ferrothorn|Stealth Rock|p2a: Medicham
|-sidestart|p2: Guest 1376402|move: Stealth Rock
|
|upkeep
|turn|3

|
|switch|p1a: Pelipper|Pelipper, M|100/100
|-weather|RainDance|[from] ability: Drizzle|[of] p1a: Pelipper
|move|p2a: Medicham|High Jump Kick|p1a: Pelipper
|-resisted|p1a: Pelipper
|-damage|p1a: Pelipper|21/100
|
|-weather|RainDance|[upkeep]
|upkeep
|turn|4

|
|move|p1a: Pelipper|Hurricane|p2a: Medicham
|-supereffective|p2a: Medicham
|-damage|p2a: Medicham|0 fnt
|faint|p2a: Medicham
|
|-weather|RainDance|[upkeep]
|upkeep

|
|switch|p2a: Tapu Koko|Tapu Koko|100/100
|-damage|p2a: Tapu Koko|88/100|[from] Stealth Rock
|-fieldstart|move: Electric Terrain|[from] ability: Electric Surge|[of] p2a: Tapu Koko
|turn|5

|
|switch|p1a: Swampert|Swampert, F|100/100
|move|p2a: Tapu Koko|Volt Switch|p1a: Swampert
|-immune|p1a: Swampert
|
|-weather|RainDance|[upkeep]
|upkeep
|turn|6

|
|switch|p2a: Landorus|Landorus-Therian, M|100/100
|-damage|p2a: Landorus|88/100|[from] Stealth Rock
|-ability|p2a: Landorus|Intimidate|boost
|-unboost|p1a: Swampert|atk|1
|detailschange|p1a: Swampert|Swampert-Mega, F
|-mega|p1a: Swampert|Swampert|Swampertite
|move|p1a: Swampert|Ice Punch|p2a: Landorus
|-supereffective|p2a: Landorus
|-damage|p2a: Landorus|0 fnt
|faint|p2a: Landorus
|
|-weather|RainDance|[upkeep]
|upkeep

|
|switch|p2a: Kyurem|Kyurem-Black, shiny|100/100
|-damage|p2a: Kyurem|75/100|[from] Stealth Rock
|-ability|p2a: Kyurem|Teravolt
|turn|7

|
|switch|p1a: Ferrothorn|Ferrothorn, F|100/100
|move|p2a: Kyurem|Fusion Bolt|p1a: Ferrothorn
|-resisted|p1a: Ferrothorn
|-damage|p1a: Ferrothorn|79/100
|
|-weather|none
|-heal|p1a: Ferrothorn|86/100|[from] item: Leftovers
|upkeep
|turn|8

|
|-zpower|p2a: Kyurem
|move|p2a: Kyurem|Subzero Slammer|p1a: Ferrothorn|[zeffect]
|-damage|p1a: Ferrothorn|36/100
|move|p1a: Ferrothorn|Thunder Wave|p2a: Kyurem
|-status|p2a: Kyurem|par
|
|-heal|p1a: Ferrothorn|42/100|[from] item: Leftovers
|upkeep
|turn|9

|-message|Guest 1376402 forfeited.

|
|win|itwasn'tggitwasbg