|init|battle
|title|BooWooFoo vs. Roberto di Alost
|j|☆BooWooFoo
|j|☆Roberto di Alost
|player|p1|BooWooFoo|266|1460
|player|p2|Roberto di Alost|93|1212
|teamsize|p1|6
|teamsize|p2|6
|gametype|singles
|gen|7
|tier|[Gen 7] Monotype
|rated|
|rule|Sleep Clause Mod: Limit one foe put to sleep
|rule|Species Clause: Limit one of each Pokémon
|rule|OHKO Clause: OHKO moves are banned
|rule|Moody Clause: Moody is banned
|rule|Evasion Moves Clause: Evasion moves are banned
|rule|Endless Battle Clause: Forcing endless battles is banned
|rule|HP Percentage Mod: HP is shown in percentages
|rule|Swagger Clause: Swagger is banned
|rule|Same Type Clause: Pokémon in a team must share a type
|clearpoke
|poke|p1|Diancie|item
|poke|p1|Golem-Alola, F|item
|poke|p1|Regirock|item
|poke|p1|Cradily, F|item
|poke|p1|Tyranitar, F|item
|poke|p1|Terrakion|item
|poke|p2|Yanmega, M|item
|poke|p2|Masquerain, M|item
|poke|p2|Vespiquen, F|item
|poke|p2|Vivillon-River, F|item
|poke|p2|Scyther, M|item
|poke|p2|Pinsir, F|item
|teampreview
|
|start
|switch|p1a: Regirock|Regirock|100/100
|switch|p2a: Masquerain|Masquerain, M|100/100
|-ability|p2a: Masquerain|Intimidate|boost
|-unboost|p1a: Regirock|atk|1
|turn|1
|
|move|p2a: Masquerain|Sticky Web|p1a: Regirock
|-sidestart|p1: BooWooFoo|move: Sticky Web
|move|p1a: Regirock|Stealth Rock|p2a: Masquerain
|-sidestart|p2: Roberto di Alost|move: Stealth Rock
|
|upkeep
|turn|2
|
|move|p2a: Masquerain|Defog|p1a: Regirock
|-unboost|p1a: Regirock|evasion|1
|-sideend|p1: BooWooFoo|Sticky Web|[from] move: Defog|[of] p2a: Masquerain
|-sideend|p2: Roberto di Alost|Stealth Rock|[from] move: Defog|[of] p2a: Masquerain
|move|p1a: Regirock|Toxic|p2a: Masquerain
|-status|p2a: Masquerain|tox
|
|-damage|p2a: Masquerain|94/100 tox|[from] psn
|upkeep
|turn|3
|
|move|p2a: Masquerain|Quiver Dance|p2a: Masquerain
|-boost|p2a: Masquerain|spa|1
|-boost|p2a: Masquerain|spd|1
|-boost|p2a: Masquerain|spe|1
|move|p1a: Regirock|Stealth Rock|p2a: Masquerain
|-sidestart|p2: Roberto di Alost|move: Stealth Rock
|
|-damage|p2a: Masquerain|82/100 tox|[from] psn
|upkeep
|turn|4

|
|move|p2a: Masquerain|Hydro Pump|p1a: Regirock
|-supereffective|p1a: Regirock
|-damage|p1a: Regirock|11/100
|move|p1a: Regirock|Stealth Rock||[still]
|-fail|p1a: Regirock
|
|-heal|p1a: Regirock|17/100|[from] item: Leftovers
|-damage|p2a: Masquerain|64/100 tox|[from] psn
|upkeep
|turn|5

|
|switch|p1a: Cradily|Cradily, F|100/100
|move|p2a: Masquerain|Hydro Pump|p1a: Cradily
|-ability|p1a: Cradily|Storm Drain|boost
|-boost|p1a: Cradily|spa|1
|
|-damage|p2a: Masquerain|40/100 tox|[from] psn
|upkeep
|turn|6

|
|move|p2a: Masquerain|Defog|p1a: Cradily
|-unboost|p1a: Cradily|evasion|1
|-sideend|p2: Roberto di Alost|Stealth Rock|[from] move: Defog|[of] p2a: Masquerain
|move|p1a: Cradily|Ancient Power|p2a: Masquerain
|-supereffective|p2a: Masquerain
|-enditem|p2a: Masquerain|Charti Berry|[eat]
|-enditem|p2a: Masquerain|Charti Berry|[weaken]
|-damage|p2a: Masquerain|0 fnt
|faint|p2a: Masquerain
|
|upkeep

|
|switch|p2a: Vivillon|Vivillon-River, F|100/100
|turn|7

|
|-zpower|p2a: Vivillon
|move|p2a: Vivillon|Supersonic Skystrike|p1a: Cradily|[zeffect]
|-damage|p1a: Cradily|48/100
|move|p1a: Cradily|Ancient Power|p2a: Vivillon
|-supereffective|p2a: Vivillon
|-damage|p2a: Vivillon|0 fnt
|faint|p2a: Vivillon
|
|upkeep

|
|switch|p2a: Pinsir|Pinsir, F|100/100
|turn|8

|
|detailschange|p2a: Pinsir|Pinsir-Mega, F
|-mega|p2a: Pinsir|Pinsir|Pinsirite
|move|p2a: Pinsir|Return|p1a: Cradily
|-damage|p1a: Cradily|0 fnt
|faint|p1a: Cradily
|
|upkeep

|
|switch|p1a: Terrakion|Terrakion|100/100
|turn|9

|
|move|p1a: Terrakion|Stone Edge|p2a: Pinsir
|-supereffective|p2a: Pinsir
|-damage|p2a: Pinsir|0 fnt
|faint|p2a: Pinsir
|
|upkeep

|
|switch|p2a: Scyther|Scyther, M|100/100
|turn|10

|inactive|Battle timer is ON: inactive players will automatically lose when time's up. (requested by BooWooFoo)

|
|move|p1a: Terrakion|Stone Edge|p2a: Scyther
|-supereffective|p2a: Scyther
|-damage|p2a: Scyther|0 fnt
|faint|p2a: Scyther
|
|upkeep

|
|switch|p2a: Vespiquen|Vespiquen, F|100/100
|-ability|p2a: Vespiquen|Pressure
|turn|11

|
|move|p1a: Terrakion|Stone Edge|p2a: Vespiquen
|-supereffective|p2a: Vespiquen
|-damage|p2a: Vespiquen|0 fnt
|faint|p2a: Vespiquen
|
|upkeep

|
|switch|p2a: Yanmega|Yanmega, M|100/100
|turn|12

|
|move|p1a: Terrakion|Stone Edge|p2a: Yanmega
|-supereffective|p2a: Yanmega
|-enditem|p2a: Yanmega|Focus Sash
|-damage|p2a: Yanmega|1/100
|move|p2a: Yanmega|Air Slash|p1a: Terrakion
|-damage|p1a: Terrakion|50/100
|
|-ability|p2a: Yanmega|Speed Boost|boost
|-boost|p2a: Yanmega|spe|1
|upkeep
|turn|13

|
|move|p1a: Terrakion|Stone Edge|p2a: Yanmega|[miss]
|-miss|p1a: Terrakion|p2a: Yanmega
|move|p2a: Yanmega|Air Slash|p1a: Terrakion
|-damage|p1a: Terrakion|5/100
|
|-ability|p2a: Yanmega|Speed Boost|boost
|-boost|p2a: Yanmega|spe|1
|upkeep
|turn|14

|
|move|p2a: Yanmega|Ancient Power|p1a: Terrakion
|-resisted|p1a: Terrakion
|-damage|p1a: Terrakion|0 fnt
|faint|p1a: Terrakion
|
|-ability|p2a: Yanmega|Speed Boost|boost
|-boost|p2a: Yanmega|spe|1
|upkeep

|
|switch|p1a: Tyranitar|Tyranitar, F|100/100
|-weather|Sandstorm|[from] ability: Sand Stream|[of] p1a: Tyranitar
|turn|15

|
|move|p2a: Yanmega|Bug Buzz|p1a: Tyranitar
|-supereffective|p1a: Tyranitar
|-damage|p1a: Tyranitar|35/100
|move|p1a: Tyranitar|Crunch|p2a: Yanmega
|-damage|p2a: Yanmega|0 fnt
|faint|p2a: Yanmega
|
|win|BooWooFoo