|init|battle
|title|LePartouzeur vs. el fufun
|j|☆LePartouzeur
|j|☆el fufun
|player|p1|LePartouzeur|169|1150
|player|p2|el fufun|237|1198
|teamsize|p1|6
|teamsize|p2|6
|gametype|singles
|gen|7
|tier|[Gen 7] OU (Blitz)
|rated|
|rule|Sleep Clause Mod: Limit one foe put to sleep
|rule|Species Clause: Limit one of each Pokémon
|rule|OHKO Clause: OHKO moves are banned
|rule|Moody Clause: Moody is banned
|rule|Evasion Moves Clause: Evasion moves are banned
|rule|Endless Battle Clause: Forcing endless battles is banned
|rule|HP Percentage Mod: HP is shown in percentages
|clearpoke
|poke|p1|Tapu Bulu|item
|poke|p1|Hawlucha, F|item
|poke|p1|Alakazam, F|item
|poke|p1|Jirachi|item
|poke|p1|Heatran, F|item
|poke|p1|Skarmory, M|item
|poke|p2|Weavile, M|item
|poke|p2|Jirachi|item
|poke|p2|Pinsir, M|item
|poke|p2|Azumarill, M|item
|poke|p2|Diggersby, M|item
|poke|p2|Cloyster, F|item
|rule|Blitz: Super-fast timer
|teampreview
|inactive|LePartouzeur has 30 seconds left this turn.
|inactive|el fufun has 30 seconds left this turn.
|inactive|Battle timer is ON: inactive players will automatically lose when time's up. (requested by el fufun)
|
|start
|switch|p1a: Tapu Bulu|Tapu Bulu|100/100
|switch|p2a: Weavile|Weavile, M|100/100
|-ability|p2a: Weavile|Pressure
|-fieldstart|move: Grassy Terrain|[from] ability: Grassy Surge|[of] p1a: Tapu Bulu
|turn|1
|inactive|LePartouzeur has 15 seconds left this turn.
|inactive|el fufun has 15 seconds left this turn.
|
|switch|p1a: Heatran|Heatran, F|100/100
|move|p2a: Weavile|Ice Punch|p1a: Heatran
|-resisted|p1a: Heatran
|-damage|p1a: Heatran|93/100
|
|-heal|p1a: Heatran|99/100|[from] item: Leftovers
|-heal|p1a: Heatran|100/100|[from] Grassy Terrain
|upkeep
|turn|2
|inactive|LePartouzeur has 15 seconds left this turn.
|inactive|el fufun has 15 seconds left this turn.
|
|move|p2a: Weavile|Knock Off|p1a: Heatran
|-damage|p1a: Heatran|63/100
|-enditem|p1a: Heatran|Leftovers|[from] move: Knock Off|[of] p2a: Weavile
|move|p1a: Heatran|Stealth Rock|p2a: Weavile
|-sidestart|p2: el fufun|move: Stealth Rock
|
|-heal|p1a: Heatran|69/100|[from] Grassy Terrain
|upkeep
|turn|3
|inactive|LePartouzeur has 15 seconds left this turn.
|inactive|el fufun has 15 seconds left this turn.
|
|move|p2a: Weavile|Beat Up|p1a: Heatran
|-damage|p1a: Heatran|62/100
|-damage|p1a: Heatran|55/100
|-damage|p1a: Heatran|48/100
|-damage|p1a: Heatran|44/100
|-damage|p1a: Heatran|39/100
|-damage|p1a: Heatran|32/100
|-hitcount|p1a: Heatran|6
|cant|p1a: Heatran|flinch
|
|-heal|p1a: Heatran|39/100|[from] Grassy Terrain
|upkeep
|turn|4
|inactive|LePartouzeur has 15 seconds left this turn.
|inactive|el fufun has 15 seconds left this turn.
|
|move|p2a: Weavile|Beat Up|p1a: Heatran
|-damage|p1a: Heatran|31/100
|-damage|p1a: Heatran|25/100
|-damage|p1a: Heatran|17/100
|-damage|p1a: Heatran|13/100
|-damage|p1a: Heatran|9/100
|-damage|p1a: Heatran|3/100
|-hitcount|p1a: Heatran|6
|move|p1a: Heatran|Lava Plume|p2a: Weavile
|-supereffective|p2a: Weavile
|-damage|p2a: Weavile|4/100
|
|-heal|p2a: Weavile|10/100|[from] Grassy Terrain
|-heal|p1a: Heatran|9/100|[from] Grassy Terrain
|upkeep
|turn|5
|inactive|LePartouzeur has 15 seconds left this turn.
|inactive|el fufun has 15 seconds left this turn.

|inactive|LePartouzeur has 10 seconds left.
|inactive|el fufun has 10 seconds left.

|
|switch|p1a: Skarmory|Skarmory, M|100/100
|move|p2a: Weavile|Ice Punch|p1a: Skarmory
|-damage|p1a: Skarmory|77/100
|-damage|p2a: Weavile|0 fnt|[from] item: Rocky Helmet|[of] p1a: Skarmory
|faint|p2a: Weavile
|
|-fieldend|move: Grassy Terrain
|upkeep

|inactive|LePartouzeur has 15 seconds left this turn.
|inactive|el fufun has 15 seconds left this turn.

|
|switch|p2a: Cloyster|Cloyster, F|100/100
|-damage|p2a: Cloyster|76/100|[from] Stealth Rock
|turn|6

|inactive|LePartouzeur has 15 seconds left this turn.
|inactive|el fufun has 15 seconds left this turn.

|
|move|p2a: Cloyster|Shell Smash|p2a: Cloyster
|-unboost|p2a: Cloyster|def|1
|-unboost|p2a: Cloyster|spd|1
|-boost|p2a: Cloyster|atk|2
|-boost|p2a: Cloyster|spa|2
|-boost|p2a: Cloyster|spe|2
|move|p1a: Skarmory|Whirlwind|p2a: Cloyster
|drag|p2a: Jirachi|Jirachi|100/100
|-damage|p2a: Jirachi|94/100|[from] Stealth Rock
|
|upkeep
|turn|7

|inactive|LePartouzeur has 15 seconds left this turn.
|inactive|el fufun has 15 seconds left this turn.

|inactive|el fufun has 10 seconds left.

|
|move|p2a: Jirachi|Thunder Punch|p1a: Skarmory
|-supereffective|p1a: Skarmory
|-damage|p1a: Skarmory|49/100
|-damage|p2a: Jirachi|78/100|[from] item: Rocky Helmet|[of] p1a: Skarmory
|-status|p1a: Skarmory|par
|cant|p1a: Skarmory|par
|
|upkeep
|turn|8

|inactive|LePartouzeur has 15 seconds left this turn.
|inactive|el fufun has 15 seconds left this turn.

|
|move|p2a: Jirachi|Thunder Punch|p1a: Skarmory
|-supereffective|p1a: Skarmory
|-damage|p1a: Skarmory|22/100 par
|-damage|p2a: Jirachi|61/100|[from] item: Rocky Helmet|[of] p1a: Skarmory
|move|p1a: Skarmory|Spikes|p2a: Jirachi
|-sidestart|p2: el fufun|Spikes
|
|upkeep
|turn|9

|inactive|LePartouzeur has 15 seconds left this turn.
|inactive|el fufun has 15 seconds left this turn.

|
|move|p2a: Jirachi|Thunder Punch|p1a: Skarmory
|-supereffective|p1a: Skarmory
|-damage|p1a: Skarmory|0 fnt
|-damage|p2a: Jirachi|44/100|[from] item: Rocky Helmet|[of] p1a: Skarmory
|faint|p1a: Skarmory
|
|upkeep

|inactive|LePartouzeur has 15 seconds left this turn.
|inactive|el fufun has 15 seconds left this turn.

|inactive|LePartouzeur has 10 seconds left.

|
|switch|p1a: Jirachi|Jirachi|100/100
|turn|10

|inactive|LePartouzeur has 15 seconds left this turn.
|inactive|el fufun has 15 seconds left this turn.

|
|move|p1a: Jirachi|Iron Head|p2a: Jirachi
|-resisted|p2a: Jirachi
|-damage|p2a: Jirachi|27/100
|cant|p2a: Jirachi|flinch
|
|upkeep
|turn|11

|inactive|LePartouzeur has 15 seconds left this turn.
|inactive|el fufun has 15 seconds left this turn.

|
|move|p1a: Jirachi|Iron Head|p2a: Jirachi
|-resisted|p2a: Jirachi
|-damage|p2a: Jirachi|10/100
|cant|p2a: Jirachi|flinch
|
|upkeep
|turn|12

|inactive|LePartouzeur has 15 seconds left this turn.
|inactive|el fufun has 15 seconds left this turn.

|
|move|p1a: Jirachi|Iron Head|p2a: Jirachi
|-resisted|p2a: Jirachi
|-damage|p2a: Jirachi|0 fnt
|faint|p2a: Jirachi
|
|upkeep

|inactive|LePartouzeur has 15 seconds left this turn.
|inactive|el fufun has 15 seconds left this turn.

|
|switch|p2a: Cloyster|Cloyster, F|76/100
|-damage|p2a: Cloyster|51/100|[from] Stealth Rock
|-damage|p2a: Cloyster|38/100|[from] Spikes
|turn|13

|inactive|LePartouzeur has 15 seconds left this turn.
|inactive|el fufun has 15 seconds left this turn.

|
|move|p1a: Jirachi|Iron Head|p2a: Cloyster
|-damage|p2a: Cloyster|7/100
|-enditem|p2a: Cloyster|Salac Berry|[eat]
|-boost|p2a: Cloyster|spe|1
|cant|p2a: Cloyster|flinch
|
|upkeep
|turn|14

|inactive|LePartouzeur has 15 seconds left this turn.
|inactive|el fufun has 15 seconds left this turn.

|
|move|p1a: Jirachi|Iron Head|p2a: Cloyster
|-damage|p2a: Cloyster|0 fnt
|faint|p2a: Cloyster
|
|upkeep

|inactive|LePartouzeur has 15 seconds left this turn.
|inactive|el fufun has 15 seconds left this turn.

|
|switch|p2a: Pinsir|Pinsir, M|100/100
|-damage|p2a: Pinsir|75/100|[from] Stealth Rock
|-damage|p2a: Pinsir|63/100|[from] Spikes
|turn|15

|inactive|LePartouzeur has 15 seconds left this turn.
|inactive|el fufun has 15 seconds left this turn.

|inactive|LePartouzeur has 10 seconds left.

|
|switch|p1a: Heatran|Heatran, F|9/100
|detailschange|p2a: Pinsir|Pinsir-Mega, M
|-mega|p2a: Pinsir|Pinsir|Pinsirite
|move|p2a: Pinsir|Return|p1a: Heatran
|-resisted|p1a: Heatran
|-damage|p1a: Heatran|0 fnt
|faint|p1a: Heatran
|
|upkeep

|inactive|LePartouzeur has 15 seconds left this turn.
|inactive|el fufun has 15 seconds left this turn.

|inactive|LePartouzeur has 10 seconds left.

|
|switch|p1a: Hawlucha|Hawlucha, F|100/100
|turn|16

|inactive|LePartouzeur has 15 seconds left this turn.
|inactive|el fufun has 15 seconds left this turn.

|
|move|p2a: Pinsir|Return|p1a: Hawlucha
|-supereffective|p1a: Hawlucha
|-damage|p1a: Hawlucha|0 fnt
|faint|p1a: Hawlucha
|
|upkeep

|inactive|LePartouzeur has 15 seconds left this turn.
|inactive|el fufun has 15 seconds left this turn.

|
|switch|p1a: Jirachi|Jirachi|100/100
|turn|17

|inactive|LePartouzeur has 15 seconds left this turn.
|inactive|el fufun has 15 seconds left this turn.

|
|move|p1a: Jirachi|Zen Headbutt|p2a: Pinsir
|-damage|p2a: Pinsir|28/100
|move|p2a: Pinsir|Return|p1a: Jirachi
|-resisted|p1a: Jirachi
|-damage|p1a: Jirachi|62/100
|
|upkeep
|turn|18

|inactive|LePartouzeur has 15 seconds left this turn.
|inactive|el fufun has 15 seconds left this turn.

|
|move|p2a: Pinsir|Quick Attack|p1a: Jirachi
|-resisted|p1a: Jirachi
|-damage|p1a: Jirachi|49/100
|move|p1a: Jirachi|Zen Headbutt|p2a: Pinsir
|-damage|p2a: Pinsir|0 fnt
|faint|p2a: Pinsir
|
|upkeep

|inactive|LePartouzeur has 15 seconds left this turn.
|inactive|el fufun has 15 seconds left this turn.

|
|switch|p2a: Diggersby|Diggersby, M, shiny|100/100
|-damage|p2a: Diggersby|94/100|[from] Stealth Rock
|-damage|p2a: Diggersby|82/100|[from] Spikes
|turn|19

|inactive|LePartouzeur has 15 seconds left this turn.
|inactive|el fufun has 15 seconds left this turn.

|
|switch|p1a: Tapu Bulu|Tapu Bulu|100/100
|-fieldstart|move: Grassy Terrain|[from] ability: Grassy Surge|[of] p1a: Tapu Bulu
|move|p2a: Diggersby|Quick Attack|p1a: Tapu Bulu
|-damage|p1a: Tapu Bulu|64/100
|
|-heal|p1a: Tapu Bulu|70/100|[from] Grassy Terrain
|-heal|p2a: Diggersby|88/100|[from] Grassy Terrain
|upkeep
|turn|20

|inactive|LePartouzeur has 15 seconds left this turn.
|inactive|el fufun has 15 seconds left this turn.

|
|-zpower|p1a: Tapu Bulu
|move|p1a: Tapu Bulu|Bloom Doom|p2a: Diggersby|[zeffect]
|-supereffective|p2a: Diggersby
|-damage|p2a: Diggersby|0 fnt
|faint|p2a: Diggersby
|
|-heal|p1a: Tapu Bulu|76/100|[from] Grassy Terrain
|upkeep

|inactive|LePartouzeur has 15 seconds left this turn.
|inactive|el fufun has 15 seconds left this turn.

|
|switch|p2a: Azumarill|Azumarill, M, shiny|100/100
|-damage|p2a: Azumarill|88/100|[from] Stealth Rock
|-damage|p2a: Azumarill|76/100|[from] Spikes
|turn|21

|inactive|LePartouzeur has 15 seconds left this turn.
|inactive|el fufun has 15 seconds left this turn.

|
|move|p1a: Tapu Bulu|Wood Hammer|p2a: Azumarill
|-supereffective|p2a: Azumarill
|-damage|p2a: Azumarill|0 fnt
|-damage|p1a: Tapu Bulu|40/100|[from] Recoil
|faint|p2a: Azumarill
|
|win|LePartouzeur