|init|battle
|title|player has no name vs. FafnerJr
|j|☆player has no name
|j|☆FafnerJr
|player|p1|player has no name|252|1153
|player|p2|FafnerJr|1|1087
|teamsize|p1|6
|teamsize|p2|6
|gametype|singles
|gen|7
|tier|[Gen 7] Ubers
|rated|
|rule|Sleep Clause Mod: Limit one foe put to sleep
|rule|Species Clause: Limit one of each Pokémon
|rule|OHKO Clause: OHKO moves are banned
|rule|Moody Clause: Moody is banned
|rule|Evasion Moves Clause: Evasion moves are banned
|rule|Endless Battle Clause: Forcing endless battles is banned
|rule|HP Percentage Mod: HP is shown in percentages
|clearpoke
|poke|p1|Groudon|item
|poke|p1|Marshadow|item
|poke|p1|Arceus-*|item
|poke|p1|Gengar, M|item
|poke|p1|Zygarde|item
|poke|p1|Kyogre|item
|poke|p2|Mimikyu, M|item
|poke|p2|Aegislash, F|item
|poke|p2|Kartana|item
|poke|p2|Yveltal|item
|poke|p2|Darkrai|item
|poke|p2|Landorus, M|item
|rule|Mega Rayquaza Clause: You cannot mega evolve Rayquaza
|teampreview
|
|start
|switch|p1a: Kyogre|Kyogre|100/100
|switch|p2a: Darkrai|Darkrai|100/100
|-weather|RainDance|[from] ability: Drizzle|[of] p1a: Kyogre
|turn|1
|
|move|p1a: Kyogre|Water Spout|p2a: Darkrai
|-damage|p2a: Darkrai|0 fnt
|faint|p2a: Darkrai
|
|-weather|RainDance|[upkeep]
|upkeep
|
|switch|p2a: Landorus|Landorus, M|100/100
|turn|2
|
|move|p1a: Kyogre|Water Spout|p2a: Landorus
|-supereffective|p2a: Landorus
|-damage|p2a: Landorus|0 fnt
|faint|p2a: Landorus
|
|-weather|RainDance|[upkeep]
|upkeep
|
|switch|p2a: Yveltal|Yveltal|100/100
|-ability|p2a: Yveltal|Dark Aura
|turn|3
|
|move|p1a: Kyogre|Water Spout|p2a: Yveltal
|-damage|p2a: Yveltal|0 fnt
|faint|p2a: Yveltal
|
|-weather|RainDance|[upkeep]
|upkeep

|
|switch|p2a: Kartana|Kartana|100/100
|turn|4

|
|switch|p1a: jaozandry|Groudon, shiny|100/100
|detailschange|p1a: jaozandry|Groudon-Primal, shiny
|-primal|p1a: jaozandry
|-weather|DesolateLand|[from] ability: Desolate Land|[of] p1a: jaozandry
|-zpower|p2a: Kartana
|move|p2a: Kartana|Breakneck Blitz|p1a: jaozandry|[zeffect]
|-damage|p1a: jaozandry|39/100
|
|-weather|DesolateLand|[upkeep]
|upkeep
|turn|5

|
|move|p2a: Kartana|Giga Impact|p1a: jaozandry
|-damage|p1a: jaozandry|0 fnt
|-mustrecharge|p2a: Kartana
|faint|p1a: jaozandry
|-ability|p2a: Kartana|Beast Boost|boost
|-boost|p2a: Kartana|atk|1
|-weather|none
|
|upkeep

|
|switch|p1a: Kyogre|Kyogre|100/100
|-weather|RainDance|[from] ability: Drizzle|[of] p1a: Kyogre
|turn|6

|
|move|p1a: Kyogre|Water Spout|p2a: Kartana
|-resisted|p2a: Kartana
|-damage|p2a: Kartana|0 fnt
|faint|p2a: Kartana
|
|-weather|RainDance|[upkeep]
|upkeep

|
|switch|p2a: Mimikyu|Mimikyu, M|100/100
|turn|7

|
|move|p1a: Kyogre|Water Spout|p2a: Mimikyu
|-activate|p2a: Mimikyu|ability: Disguise
|-damage|p2a: Mimikyu|100/100
|detailschange|p2a: Mimikyu|Mimikyu-Busted, M
|move|p2a: Mimikyu|Swords Dance|p2a: Mimikyu
|-boost|p2a: Mimikyu|atk|2
|
|-weather|RainDance|[upkeep]
|upkeep
|turn|8

|
|move|p1a: Kyogre|Water Spout|p2a: Mimikyu
|-damage|p2a: Mimikyu|0 fnt
|faint|p2a: Mimikyu
|
|-weather|RainDance|[upkeep]
|upkeep

|
|switch|p2a: Aegislash|Aegislash, F|100/100
|turn|9

|
|move|p1a: Kyogre|Water Spout|p2a: Aegislash
|-damage|p2a: Aegislash|33/100
|move|p2a: Aegislash|Toxic|p1a: Kyogre
|-status|p1a: Kyogre|tox
|
|-weather|RainDance|[upkeep]
|-damage|p1a: Kyogre|94/100 tox|[from] psn
|upkeep
|turn|10

|
|move|p2a: Aegislash|King's Shield|p2a: Aegislash
|-singleturn|p2a: Aegislash|Protect
|move|p1a: Kyogre|Water Spout|p2a: Aegislash
|-activate|p2a: Aegislash|move: Protect
|
|-weather|none
|-damage|p1a: Kyogre|82/100 tox|[from] psn
|upkeep
|turn|11

|
|switch|p1a: Zygarde|Zygarde|100/100
|move|p2a: Aegislash|King's Shield||[still]
|-fail|p2a: Aegislash
|
|upkeep
|turn|12

|
|move|p1a: Zygarde|Thousand Arrows|p2a: Aegislash
|-supereffective|p2a: Aegislash
|-damage|p2a: Aegislash|0 fnt
|faint|p2a: Aegislash
|
|win|player has no name