|init|battle
|title|lilsumnsumn vs. Moneymode2
|j|☆lilsumnsumn
|j|☆Moneymode2
|player|p1|lilsumnsumn|184|1364
|player|p2|Moneymode2|2|1397
|teamsize|p1|6
|teamsize|p2|6
|gametype|singles
|gen|7
|tier|[Gen 7] OU
|rated|
|rule|Sleep Clause Mod: Limit one foe put to sleep
|rule|Species Clause: Limit one of each Pokémon
|rule|OHKO Clause: OHKO moves are banned
|rule|Moody Clause: Moody is banned
|rule|Evasion Moves Clause: Evasion moves are banned
|rule|Endless Battle Clause: Forcing endless battles is banned
|rule|HP Percentage Mod: HP is shown in percentages
|clearpoke
|poke|p1|Ribombee, M|item
|poke|p1|Garchomp, M|item
|poke|p1|Serperior, F|item
|poke|p1|Kartana|item
|poke|p1|Pinsir, F|item
|poke|p1|Magearna|item
|poke|p2|Chansey, F|item
|poke|p2|Ferrothorn, M|item
|poke|p2|Tapu Lele|item
|poke|p2|Gliscor, M|item
|poke|p2|Lopunny, F|item
|poke|p2|Greninja, M|item
|teampreview
|inactive|Battle timer is ON: inactive players will automatically lose when time's up. (requested by Moneymode2)
|
|start
|switch|p1a: Ribombee|Ribombee, M|100/100
|switch|p2a: Ferrothorn|Ferrothorn, M|100/100
|turn|1
|
|move|p1a: Ribombee|Sticky Web|p2a: Ferrothorn
|-sidestart|p2: Moneymode2|move: Sticky Web
|move|p2a: Ferrothorn|Gyro Ball|p1a: Ribombee
|-supereffective|p1a: Ribombee
|-enditem|p1a: Ribombee|Focus Sash
|-damage|p1a: Ribombee|1/100
|
|upkeep
|turn|2
|
|switch|p1a: Kartana|Kartana|100/100
|move|p2a: Ferrothorn|Gyro Ball|p1a: Kartana
|-resisted|p1a: Kartana
|-damage|p1a: Kartana|73/100
|
|upkeep
|turn|3
|
|move|p1a: Kartana|Swords Dance|p1a: Kartana
|-boost|p1a: Kartana|atk|2
|move|p2a: Ferrothorn|Gyro Ball|p1a: Kartana
|-resisted|p1a: Kartana
|-damage|p1a: Kartana|48/100
|
|upkeep
|turn|4
|
|move|p2a: Ferrothorn|Protect|p2a: Ferrothorn
|-singleturn|p2a: Ferrothorn|Protect
|move|p1a: Kartana|Sacred Sword|p2a: Ferrothorn
|-activate|p2a: Ferrothorn|move: Protect
|
|upkeep
|turn|5

|
|switch|p2a: Gliscor|Gliscor, M|100/100
|move|p1a: Kartana|Leaf Blade|p2a: Gliscor
|-damage|p2a: Gliscor|6/100
|
|-status|p2a: Gliscor|tox|[from] item: Toxic Orb
|upkeep
|turn|6

|
|move|p1a: Kartana|Leaf Blade|p2a: Gliscor
|-crit|p2a: Gliscor
|-damage|p2a: Gliscor|0 fnt
|faint|p2a: Gliscor
|-ability|p1a: Kartana|Beast Boost|boost
|-boost|p1a: Kartana|atk|1
|
|upkeep

|
|switch|p2a: Lopunny|Lopunny, F|100/100
|-activate|p2a: Lopunny|move: Sticky Web
|-unboost|p2a: Lopunny|spe|1
|turn|7

|
|detailschange|p2a: Lopunny|Lopunny-Mega, F
|-mega|p2a: Lopunny|Lopunny|Lopunnite
|move|p2a: Lopunny|Fake Out|p1a: Kartana
|-resisted|p1a: Kartana
|-damage|p1a: Kartana|36/100
|cant|p1a: Kartana|flinch
|
|upkeep
|turn|8

|
|switch|p2a: Ferrothorn|Ferrothorn, M|100/100
|-activate|p2a: Ferrothorn|move: Sticky Web
|-unboost|p2a: Ferrothorn|spe|1
|move|p1a: Kartana|Sacred Sword|p2a: Ferrothorn
|-supereffective|p2a: Ferrothorn
|-damage|p2a: Ferrothorn|0 fnt
|-damage|p1a: Kartana|24/100|[from] ability: Iron Barbs|[of] p2a: Ferrothorn
|faint|p2a: Ferrothorn
|-ability|p1a: Kartana|Beast Boost|boost
|-boost|p1a: Kartana|atk|1
|
|upkeep

|
|switch|p2a: Lopunny|Lopunny-Mega, F|100/100
|-activate|p2a: Lopunny|move: Sticky Web
|-unboost|p2a: Lopunny|spe|1
|turn|9

|
|move|p2a: Lopunny|Fake Out|p1a: Kartana
|-resisted|p1a: Kartana
|-damage|p1a: Kartana|11/100
|cant|p1a: Kartana|flinch
|
|upkeep
|turn|10

|
|move|p2a: Lopunny|Quick Attack|p1a: Kartana
|-resisted|p1a: Kartana
|-damage|p1a: Kartana|0 fnt
|faint|p1a: Kartana
|
|upkeep

|
|switch|p1a: Pinsir|Pinsir, F|100/100
|turn|11

|
|detailschange|p1a: Pinsir|Pinsir-Mega, F
|-mega|p1a: Pinsir|Pinsir|Pinsirite
|move|p1a: Pinsir|Frustration|p2a: Lopunny
|-supereffective|p2a: Lopunny
|-damage|p2a: Lopunny|0 fnt
|faint|p2a: Lopunny
|
|upkeep

|
|switch|p2a: Greninja|Greninja, M|100/100
|-activate|p2a: Greninja|move: Sticky Web
|-unboost|p2a: Greninja|spe|1
|turn|12

|
|move|p1a: Pinsir|Frustration|p2a: Greninja
|-damage|p2a: Greninja|0 fnt
|faint|p2a: Greninja
|
|upkeep

|
|switch|p2a: Tapu Lele|Tapu Lele|100/100
|-activate|p2a: Tapu Lele|move: Sticky Web
|-unboost|p2a: Tapu Lele|spe|1
|-fieldstart|move: Psychic Terrain|[from] ability: Psychic Surge|[of] p2a: Tapu Lele
|turn|13

|
|move|p1a: Pinsir|Frustration|p2a: Tapu Lele
|-damage|p2a: Tapu Lele|0 fnt
|faint|p2a: Tapu Lele
|
|upkeep

|
|switch|p2a: Chansey|Chansey, F|100/100
|-activate|p2a: Chansey|move: Sticky Web
|-unboost|p2a: Chansey|spe|1
|turn|14

|
|move|p1a: Pinsir|Frustration|p2a: Chansey
|-damage|p2a: Chansey|55/100
|move|p2a: Chansey|Seismic Toss|p1a: Pinsir
|-damage|p1a: Pinsir|64/100
|
|upkeep
|turn|15

|
|move|p1a: Pinsir|Frustration|p2a: Chansey
|-damage|p2a: Chansey|7/100
|move|p2a: Chansey|Soft-Boiled|p2a: Chansey
|-heal|p2a: Chansey|57/100
|
|upkeep
|turn|16

|
|move|p1a: Pinsir|Swords Dance|p1a: Pinsir
|-boost|p1a: Pinsir|atk|2
|move|p2a: Chansey|Toxic|p1a: Pinsir
|-status|p1a: Pinsir|tox
|
|-damage|p1a: Pinsir|58/100 tox|[from] psn
|upkeep
|turn|17

|
|move|p1a: Pinsir|Frustration|p2a: Chansey
|-damage|p2a: Chansey|0 fnt
|faint|p2a: Chansey
|
|win|lilsumnsumn