|init|battle
|title|dabolssuglihaters vs. Inioen
|j|☆dabolssuglihaters
|j|‽Inioen
|player|p1|dabolssuglihaters|209|1623
|player|p2|Inioen|18|1812
|teamsize|p1|6
|teamsize|p2|6
|gametype|doubles
|gen|7
|tier|[Gen 7] Doubles OU
|rated|
|rule|Species Clause: Limit one of each Pokémon
|rule|OHKO Clause: OHKO moves are banned
|rule|Moody Clause: Moody is banned
|rule|Evasion Abilities Clause: Evasion abilities are banned
|rule|Evasion Moves Clause: Evasion moves are banned
|rule|Endless Battle Clause: Forcing endless battles is banned
|rule|HP Percentage Mod: HP is shown in percentages
|rule|Swagger Clause: Swagger is banned
|clearpoke
|poke|p1|Zeraora|item
|poke|p1|Landorus-Therian, M|item
|poke|p1|Kyurem-Black|item
|poke|p1|Tapu Fini|item
|poke|p1|Metagross|item
|poke|p1|Volcarona, F|item
|poke|p2|Whimsicott, F|item
|poke|p2|Lopunny, F|item
|poke|p2|Blacephalon|item
|poke|p2|Araquanid, F|item
|poke|p2|Kyurem-Black|item
|poke|p2|Tapu Koko|item
|teampreview
|
|start
|switch|p1a: Landorus|Landorus-Therian, M|100/100
|switch|p1b: Zeraora|Zeraora|100/100
|switch|p2a: Whimsicott|Whimsicott, F|100/100
|switch|p2b: Blacephalon|Blacephalon|100/100
|-ability|p1a: Landorus|Intimidate|boost
|-unboost|p2a: Whimsicott|atk|1
|-unboost|p2b: Blacephalon|atk|1
|turn|1
|j| Qwello Lee
|
|move|p1b: Zeraora|Fake Out|p2a: Whimsicott
|-damage|p2a: Whimsicott|84/100
|cant|p2a: Whimsicott|flinch
|-zpower|p2b: Blacephalon
|move|p2b: Blacephalon|Inferno Overdrive|p1a: Landorus|[zeffect]
|-damage|p1a: Landorus|0 fnt
|faint|p1a: Landorus
|-ability|p2b: Blacephalon|Beast Boost|boost
|-boost|p2b: Blacephalon|spa|1
|
|upkeep
|
|switch|p1a: Kyurem|Kyurem-Black|100/100
|-ability|p1a: Kyurem|Teravolt
|turn|2
|
|move|p2a: Whimsicott|Tailwind|p2a: Whimsicott
|-sidestart|p2: Inioen|move: Tailwind
|move|p1b: Zeraora|Snarl|p2a: Whimsicott|[spread] p2a,p2b
|-resisted|p2a: Whimsicott
|-supereffective|p2b: Blacephalon
|-damage|p2a: Whimsicott|78/100
|-damage|p2b: Blacephalon|68/100
|-unboost|p2a: Whimsicott|spa|1
|-unboost|p2b: Blacephalon|spa|1
|move|p2b: Blacephalon|Heat Wave|p1b: Zeraora|[spread] p1a,p1b
|-damage|p1a: Kyurem|63/100
|-damage|p1b: Zeraora|71/100
|move|p1a: Kyurem|Icy Wind|p2b: Blacephalon|[spread] p2a,p2b
|-supereffective|p2a: Whimsicott
|-resisted|p2b: Blacephalon
|-damage|p2a: Whimsicott|27/100
|-damage|p2b: Blacephalon|55/100
|-unboost|p2a: Whimsicott|spe|1
|-unboost|p2b: Blacephalon|spe|1
|
|upkeep
|turn|3
|
|move|p2a: Whimsicott|Endeavor|p1b: Zeraora
|-damage|p1b: Zeraora|20/100
|move|p2b: Blacephalon|Heat Wave|p1b: Zeraora|[spread] p1b
|-miss|p2b: Blacephalon|p1a: Kyurem
|-damage|p1b: Zeraora|0 fnt
|faint|p1b: Zeraora
|-ability|p2b: Blacephalon|Beast Boost|boost
|-boost|p2b: Blacephalon|spa|1
|move|p1a: Kyurem|Icy Wind|p2b: Blacephalon|[spread] p2a,p2b
|-supereffective|p2a: Whimsicott
|-crit|p2a: Whimsicott
|-resisted|p2b: Blacephalon
|-damage|p2a: Whimsicott|0 fnt
|-damage|p2b: Blacephalon|42/100
|-unboost|p2b: Blacephalon|spe|1
|faint|p2a: Whimsicott
|
|upkeep
|
|switch|p1b: Metagross|Metagross|100/100
|switch|p2a: Lopunny|Lopunny, F|100/100
|turn|4
|
|detailschange|p2a: Lopunny|Lopunny-Mega, F
|-mega|p2a: Lopunny|Lopunny|Lopunnite
|move|p1a: Kyurem|Protect|p1a: Kyurem
|-singleturn|p1a: Kyurem|Protect
|move|p1b: Metagross|Protect|p1b: Metagross
|-singleturn|p1b: Metagross|Protect
|move|p2a: Lopunny|Fake Out|p1b: Metagross
|-activate|p1b: Metagross|move: Protect
|move|p2b: Blacephalon|Substitute|p2b: Blacephalon
|-start|p2b: Blacephalon|Substitute
|-damage|p2b: Blacephalon|17/100
|
|upkeep
|turn|5
|
|switch|p1a: Tapu Fini|Tapu Fini|100/100
|-fieldstart|move: Misty Terrain|[from] ability: Misty Surge|[of] p1a: Tapu Fini
|detailschange|p1b: Metagross|Metagross-Mega
|-mega|p1b: Metagross|Metagross|Metagrossite
|move|p2a: Lopunny|Encore||[still]
|-fail|p2a: Lopunny
|move|p1b: Metagross|Stomping Tantrum|p2b: Blacephalon
|-supereffective|p2b: Blacephalon
|-end|p2b: Blacephalon|Substitute
|move|p2b: Blacephalon|Shadow Ball|p1b: Metagross
|-supereffective|p1b: Metagross
|-damage|p1b: Metagross|0 fnt
|faint|p1b: Metagross
|-ability|p2b: Blacephalon|Beast Boost|boost
|-boost|p2b: Blacephalon|spa|1
|
|-sideend|p2: Inioen|move: Tailwind
|upkeep
|
|switch|p1b: Volcarona|Volcarona, F|100/100
|turn|6
|
|move|p2a: Lopunny|Return|p1b: Volcarona
|-damage|p1b: Volcarona|17/100
|-enditem|p1b: Volcarona|Wiki Berry|[eat]
|-heal|p1b: Volcarona|67/100|[from] item: Wiki Berry
|move|p1b: Volcarona|Quiver Dance|p1b: Volcarona
|-boost|p1b: Volcarona|spa|1
|-boost|p1b: Volcarona|spd|1
|-boost|p1b: Volcarona|spe|1
|move|p1a: Tapu Fini|Moonblast|p2b: Blacephalon
|-resisted|p2b: Blacephalon
|-damage|p2b: Blacephalon|0 fnt
|faint|p2b: Blacephalon
|
|upkeep

|
|switch|p2b: Araquanid|Araquanid, F|100/100
|turn|7

|
|move|p1b: Volcarona|Protect|p1b: Volcarona
|-singleturn|p1b: Volcarona|Protect
|move|p2a: Lopunny|Return|p1a: Tapu Fini
|-crit|p1a: Tapu Fini
|-damage|p1a: Tapu Fini|31/100
|move|p1a: Tapu Fini|Nature's Madness|p2a: Lopunny
|-damage|p2a: Lopunny|51/100
|move|p2b: Araquanid|Liquidation|p1b: Volcarona
|-activate|p1b: Volcarona|move: Protect
|
|upkeep
|turn|8

|l| Qwello Lee

|
|move|p1b: Volcarona|Heat Wave|p2a: Lopunny|[spread] p2a,p2b
|-damage|p2a: Lopunny|0 fnt
|-damage|p2b: Araquanid|79/100
|faint|p2a: Lopunny
|move|p1a: Tapu Fini|Nature's Madness|p2b: Araquanid
|-damage|p2b: Araquanid|40/100
|move|p2b: Araquanid|Liquidation|p1b: Volcarona
|-supereffective|p1b: Volcarona
|-damage|p1b: Volcarona|0 fnt
|faint|p1b: Volcarona
|
|upkeep

|
|switch|p2a: Tapu Koko|Tapu Koko|100/100
|switch|p1b: Kyurem|Kyurem-Black|63/100
|-fieldstart|move: Electric Terrain|[from] ability: Electric Surge|[of] p2a: Tapu Koko
|-ability|p1b: Kyurem|Teravolt
|turn|9

|
|move|p2b: Araquanid|Wide Guard|p2b: Araquanid
|-singleturn|p2b: Araquanid|Wide Guard
|move|p2a: Tapu Koko|Dazzling Gleam|p1a: Tapu Fini|[spread] p1a,p1b
|-supereffective|p1b: Kyurem
|-damage|p1a: Tapu Fini|4/100
|-damage|p1b: Kyurem|0 fnt
|-enditem|p1a: Tapu Fini|Wiki Berry|[eat]
|-heal|p1a: Tapu Fini|54/100|[from] item: Wiki Berry
|faint|p1b: Kyurem
|move|p1a: Tapu Fini|Moonblast|p2b: Araquanid
|-crit|p2b: Araquanid
|-damage|p2b: Araquanid|0 fnt
|faint|p2b: Araquanid
|
|upkeep

|-message|dabolssuglihaters forfeited.

|
|win|Inioen