|init|battle
|title|dulana123 vs. JoLoTruglio
|j|☆dulana123
|j|☆JoLoTruglio
|player|p1|dulana123|1|1089
|player|p2|JoLoTruglio|101|1080
|teamsize|p1|6
|teamsize|p2|6
|gametype|singles
|gen|7
|tier|[Gen 7] OU
|rated|
|rule|Sleep Clause Mod: Limit one foe put to sleep
|rule|Species Clause: Limit one of each Pokémon
|rule|OHKO Clause: OHKO moves are banned
|rule|Moody Clause: Moody is banned
|rule|Evasion Moves Clause: Evasion moves are banned
|rule|Endless Battle Clause: Forcing endless battles is banned
|rule|HP Percentage Mod: HP is shown in percentages
|clearpoke
|poke|p1|Garchomp, M|item
|poke|p1|Infernape, M|item
|poke|p1|Staraptor, M|item
|poke|p1|Luxray, M|item
|poke|p1|Mamoswine, M|item
|poke|p1|Drapion, M|item
|poke|p2|Toxapex, F|item
|poke|p2|Kommo-o, M|item
|poke|p2|Tapu Lele|item
|poke|p2|Excadrill, F|item
|poke|p2|Incineroar, M|
|poke|p2|Kartana|item
|teampreview
|
|start
|switch|p1a: Drapion|Drapion, M|100/100
|switch|p2a: Tapu Lele|Tapu Lele|100/100
|-fieldstart|move: Psychic Terrain|[from] ability: Psychic Surge|[of] p2a: Tapu Lele
|turn|1
|
|switch|p2a: Incineroar|Incineroar, M|100/100
|-ability|p2a: Incineroar|Intimidate|boost
|-unboost|p1a: Drapion|atk|1
|move|p1a: Drapion|Knock Off|p2a: Incineroar
|-resisted|p2a: Incineroar
|-damage|p2a: Incineroar|94/100
|
|upkeep
|turn|2
|
|move|p2a: Incineroar|Fake Out|p1a: Drapion
|-activate|p1a: Drapion|move: Psychic Terrain
|move|p1a: Drapion|Toxic|p2a: Incineroar
|-status|p2a: Incineroar|tox
|
|-damage|p2a: Incineroar|88/100 tox|[from] psn
|upkeep
|turn|3

|
|move|p1a: Drapion|Infestation|p2a: Incineroar
|-damage|p2a: Incineroar|85/100 tox
|-activate|p2a: Incineroar|move: Infestation|[of] p1a: Drapion
|move|p2a: Incineroar|Flare Blitz|p1a: Drapion
|-damage|p1a: Drapion|44/100
|-damage|p2a: Incineroar|69/100 tox|[from] Recoil
|
|-heal|p1a: Drapion|50/100|[from] item: Black Sludge
|-damage|p2a: Incineroar|57/100 tox|[from] psn
|-damage|p2a: Incineroar|44/100 tox|[from] move: Infestation|[partiallytrapped]
|upkeep
|turn|4

|
|move|p1a: Drapion|Protect|p1a: Drapion
|-singleturn|p1a: Drapion|Protect
|move|p2a: Incineroar|Flare Blitz|p1a: Drapion
|-activate|p1a: Drapion|move: Protect
|
|-heal|p1a: Drapion|56/100|[from] item: Black Sludge
|-damage|p2a: Incineroar|26/100 tox|[from] psn
|-damage|p2a: Incineroar|13/100 tox|[from] move: Infestation|[partiallytrapped]
|upkeep
|turn|5

|
|switch|p1a: Infernape|Infernape, M|100/100
|move|p2a: Incineroar|Flare Blitz|p1a: Infernape
|-resisted|p1a: Infernape
|-damage|p1a: Infernape|51/100
|-damage|p2a: Incineroar|1/100 tox|[from] Recoil
|
|-damage|p2a: Incineroar|0 fnt|[from] psn
|faint|p2a: Incineroar
|-fieldend|move: Psychic Terrain
|upkeep

|
|switch|p2a: Excadrill|Excadrill, F|100/100
|-ability|p2a: Excadrill|Mold Breaker
|turn|6

|
|switch|p1a: Staraptor|Staraptor, M|100/100
|-ability|p1a: Staraptor|Intimidate|boost
|-unboost|p2a: Excadrill|atk|1
|move|p2a: Excadrill|Earthquake|p1a: Staraptor
|-immune|p1a: Staraptor
|
|upkeep
|turn|7

|-message|JoLoTruglio forfeited.

|
|win|dulana123