|init|battle
|title|Horman D vs. ZardLife
|j|☆Horman D
|j|☆ZardLife
|player|p1|Horman D|120|1485
|player|p2|ZardLife|2|1456
|teamsize|p1|6
|teamsize|p2|6
|gametype|singles
|gen|7
|tier|[Gen 7] OU (Blitz)
|rated|
|rule|Sleep Clause Mod: Limit one foe put to sleep
|rule|Species Clause: Limit one of each Pokémon
|rule|OHKO Clause: OHKO moves are banned
|rule|Moody Clause: Moody is banned
|rule|Evasion Moves Clause: Evasion moves are banned
|rule|Endless Battle Clause: Forcing endless battles is banned
|rule|HP Percentage Mod: HP is shown in percentages
|clearpoke
|poke|p1|Kyurem-Black|item
|poke|p1|Magearna|item
|poke|p1|Kartana|item
|poke|p1|Pinsir, M|item
|poke|p1|Greninja, M|item
|poke|p1|Landorus-Therian, M|item
|poke|p2|Charizard, F|item
|poke|p2|Rotom-Wash|item
|poke|p2|Serperior, F|item
|poke|p2|Staraptor, F|item
|poke|p2|Excadrill, F|item
|poke|p2|Garchomp, F|item
|rule|Blitz: Super-fast timer
|teampreview
|inactive|Horman D has 30 seconds left this turn.
|inactive|ZardLife has 30 seconds left this turn.
|inactive|Battle timer is ON: inactive players will automatically lose when time's up. (requested by Horman D)
|
|start
|switch|p1a: Landorus|Landorus-Therian, M|100/100
|switch|p2a: Serperior|Serperior, F|100/100
|-ability|p1a: Landorus|Intimidate|boost
|-boost|p2a: Serperior|atk|1
|turn|1
|inactive|Horman D has 15 seconds left this turn.
|inactive|ZardLife has 15 seconds left this turn.
|
|move|p2a: Serperior|Substitute|p2a: Serperior
|-start|p2a: Serperior|Substitute
|-damage|p2a: Serperior|76/100
|move|p1a: Landorus|Stealth Rock|p2a: Serperior
|-sidestart|p2: ZardLife|move: Stealth Rock
|
|upkeep
|turn|2
|inactive|Horman D has 15 seconds left this turn.
|inactive|ZardLife has 15 seconds left this turn.
|
|move|p2a: Serperior|Leaf Storm|p1a: Landorus
|-damage|p1a: Landorus|53/100
|-boost|p2a: Serperior|spa|2
|move|p1a: Landorus|Explosion|p2a: Serperior
|-end|p2a: Serperior|Substitute
|faint|p1a: Landorus
|
|upkeep
|inactive|Horman D has 15 seconds left this turn.
|inactive|ZardLife has 15 seconds left this turn.
|
|switch|p1a: Greninja|Greninja, M|100/100
|turn|3
|inactive|Horman D has 15 seconds left this turn.
|inactive|ZardLife has 15 seconds left this turn.
|
|move|p1a: Greninja|Gunk Shot|p2a: Serperior
|-start|p1a: Greninja|typechange|Poison|[from] ability: Protean
|-supereffective|p2a: Serperior
|-damage|p2a: Serperior|0 fnt
|-damage|p1a: Greninja|91/100|[from] item: Life Orb
|faint|p2a: Serperior
|
|upkeep
|inactive|Horman D has 15 seconds left this turn.
|inactive|ZardLife has 15 seconds left this turn.
|inactive|ZardLife has 10 seconds left.
|
|switch|p2a: Rotom|Rotom-Wash|100/100
|-damage|p2a: Rotom|88/100|[from] Stealth Rock
|turn|4
|inactive|Horman D has 15 seconds left this turn.
|inactive|ZardLife has 15 seconds left this turn.
|
|move|p1a: Greninja|Gunk Shot|p2a: Rotom
|-damage|p2a: Rotom|18/100
|-status|p2a: Rotom|psn
|-damage|p1a: Greninja|81/100|[from] item: Life Orb
|-zpower|p2a: Rotom
|move|p2a: Rotom|Hydro Vortex|p1a: Greninja|[zeffect]
|-damage|p1a: Greninja|0 fnt
|faint|p1a: Greninja
|
|-damage|p2a: Rotom|5/100 psn|[from] psn
|upkeep
|inactive|Horman D has 15 seconds left this turn.
|inactive|ZardLife has 15 seconds left this turn.
|
|switch|p1a: Kartana|Kartana, shiny|100/100
|turn|5
|inactive|Horman D has 15 seconds left this turn.
|inactive|ZardLife has 15 seconds left this turn.
|
|switch|p2a: Garchomp|Garchomp, F|100/100
|-damage|p2a: Garchomp|94/100|[from] Stealth Rock
|move|p1a: Kartana|Sacred Sword|p2a: Garchomp
|-damage|p2a: Garchomp|65/100
|-damage|p1a: Kartana|88/100|[from] ability: Rough Skin|[of] p2a: Garchomp
|-damage|p1a: Kartana|72/100|[from] item: Rocky Helmet|[of] p2a: Garchomp
|
|upkeep
|turn|6
|inactive|Horman D has 15 seconds left this turn.
|inactive|ZardLife has 15 seconds left this turn.
|
|move|p1a: Kartana|Leaf Blade|p2a: Garchomp
|-crit|p2a: Garchomp
|-damage|p2a: Garchomp|0 fnt
|-damage|p1a: Kartana|59/100|[from] ability: Rough Skin|[of] p2a: Garchomp
|-damage|p1a: Kartana|43/100|[from] item: Rocky Helmet|[of] p2a: Garchomp
|faint|p2a: Garchomp
|-ability|p1a: Kartana|Beast Boost|boost
|-boost|p1a: Kartana|atk|1
|
|upkeep
|inactive|Horman D has 15 seconds left this turn.
|inactive|ZardLife has 15 seconds left this turn.
|inactive|ZardLife has 10 seconds left.
|
|switch|p2a: Charizard|Charizard, F|100/100
|-damage|p2a: Charizard|51/100|[from] Stealth Rock
|turn|7
|inactive|Horman D has 15 seconds left this turn.
|inactive|ZardLife has 15 seconds left this turn.
|
|detailschange|p2a: Charizard|Charizard-Mega-Y, F
|-mega|p2a: Charizard|Charizard|Charizardite Y
|-weather|SunnyDay|[from] ability: Drought|[of] p2a: Charizard
|-zpower|p1a: Kartana
|move|p1a: Kartana|Breakneck Blitz|p2a: Charizard|[zeffect]
|-damage|p2a: Charizard|0 fnt
|faint|p2a: Charizard
|-ability|p1a: Kartana|Beast Boost|boost
|-boost|p1a: Kartana|atk|1
|
|-weather|SunnyDay|[upkeep]
|upkeep
|inactive|Horman D has 15 seconds left this turn.
|inactive|ZardLife has 15 seconds left this turn.
|inactive|ZardLife has 10 seconds left.
|
|switch|p2a: Staraptor|Staraptor, F|100/100
|-damage|p2a: Staraptor|76/100|[from] Stealth Rock
|turn|8
|inactive|Horman D has 15 seconds left this turn.
|inactive|ZardLife has 15 seconds left this turn.
|
|move|p2a: Staraptor|U-turn|p1a: Kartana
|-damage|p1a: Kartana|19/100
|inactive|Horman D has 15 seconds left this turn.
|inactive|ZardLife has 15 seconds left this turn.

|-message|ZardLife forfeited.

|
|win|Horman D