|init|battle
|title|Shadowmaster101 vs. malachic
|j|☆Shadowmaster101
|j|☆malachic
|player|p1|Shadowmaster101|209|1096
|player|p2|malachic|293|1081
|teamsize|p1|6
|teamsize|p2|6
|gametype|singles
|gen|7
|tier|[Gen 7] OU (Blitz)
|rated|
|rule|Sleep Clause Mod: Limit one foe put to sleep
|rule|Species Clause: Limit one of each Pokémon
|rule|OHKO Clause: OHKO moves are banned
|rule|Moody Clause: Moody is banned
|rule|Evasion Moves Clause: Evasion moves are banned
|rule|Endless Battle Clause: Forcing endless battles is banned
|rule|HP Percentage Mod: HP is shown in percentages
|clearpoke
|poke|p1|Lycanroc-Midnight, M|item
|poke|p1|Houndoom, M|item
|poke|p1|Azumarill, F|item
|poke|p1|Decidueye, M|item
|poke|p1|Eelektross, F|item
|poke|p1|Cloyster, M|item
|poke|p2|Snorlax, F|item
|poke|p2|Magearna|item
|poke|p2|Ferrothorn, F|item
|poke|p2|Medicham, M|item
|poke|p2|Victini|item
|poke|p2|Serperior, F|item
|rule|Blitz: Super-fast timer
|teampreview
|inactive|Shadowmaster101 has 30 seconds left this turn.
|inactive|malachic has 30 seconds left this turn.
|inactive|Battle timer is ON: inactive players will automatically lose when time's up. (requested by malachic)
|j| SyriuszGrem
|
|start
|switch|p1a: Cloyster|Cloyster, M, shiny|100/100
|switch|p2a: Ferrothorn|Ferrothorn, F|100/100
|turn|1
|inactive|Shadowmaster101 has 15 seconds left this turn.
|inactive|malachic has 15 seconds left this turn.
|inactive|Shadowmaster101 has 10 seconds left.
|
|move|p1a: Cloyster|Shell Smash|p1a: Cloyster
|-unboost|p1a: Cloyster|def|1
|-unboost|p1a: Cloyster|spd|1
|-boost|p1a: Cloyster|atk|2
|-boost|p1a: Cloyster|spa|2
|-boost|p1a: Cloyster|spe|2
|-enditem|p1a: Cloyster|White Herb
|-clearnegativeboost|p1a: Cloyster|[silent]
|move|p2a: Ferrothorn|Toxic|p1a: Cloyster
|-status|p1a: Cloyster|tox
|
|-damage|p1a: Cloyster|94/100 tox|[from] psn
|upkeep
|turn|2
|inactive|Shadowmaster101 has 15 seconds left this turn.
|inactive|malachic has 15 seconds left this turn.
|
|move|p1a: Cloyster|Icicle Spear|p2a: Ferrothorn
|-damage|p2a: Ferrothorn|87/100
|-damage|p2a: Ferrothorn|73/100
|-damage|p2a: Ferrothorn|61/100
|-damage|p2a: Ferrothorn|49/100
|-damage|p2a: Ferrothorn|34/100
|-hitcount|p2a: Ferrothorn|5
|move|p2a: Ferrothorn|Leech Seed|p1a: Cloyster
|-start|p1a: Cloyster|move: Leech Seed
|
|-heal|p2a: Ferrothorn|40/100|[from] item: Leftovers
|-damage|p1a: Cloyster|82/100 tox|[from] Leech Seed|[of] p2a: Ferrothorn
|-heal|p2a: Ferrothorn|49/100|[silent]
|-damage|p1a: Cloyster|69/100 tox|[from] psn
|upkeep
|turn|3
|inactive|Shadowmaster101 has 15 seconds left this turn.
|inactive|malachic has 15 seconds left this turn.
|inactive|Shadowmaster101 has 10 seconds left.
|
|move|p1a: Cloyster|Icicle Spear|p2a: Ferrothorn
|-damage|p2a: Ferrothorn|36/100
|-damage|p2a: Ferrothorn|23/100
|-damage|p2a: Ferrothorn|10/100
|-damage|p2a: Ferrothorn|0 fnt
|-hitcount|p2a: Ferrothorn|4
|faint|p2a: Ferrothorn
|
|-damage|p1a: Cloyster|51/100 tox|[from] psn
|upkeep
|inactive|Shadowmaster101 has 15 seconds left this turn.
|inactive|malachic has 15 seconds left this turn.
|
|switch|p2a: Medicham|Medicham, M, shiny|100/100
|turn|4
|inactive|Shadowmaster101 has 15 seconds left this turn.
|inactive|malachic has 15 seconds left this turn.
|
|detailschange|p2a: Medicham|Medicham-Mega, M, shiny
|-mega|p2a: Medicham|Medicham|Medichamite
|move|p1a: Cloyster|Icicle Spear|p2a: Medicham
|-damage|p2a: Medicham|64/100
|-damage|p2a: Medicham|31/100
|-damage|p2a: Medicham|0 fnt
|-hitcount|p2a: Medicham|3
|faint|p2a: Medicham
|
|-damage|p1a: Cloyster|26/100 tox|[from] psn
|upkeep
|inactive|Shadowmaster101 has 15 seconds left this turn.
|inactive|malachic has 15 seconds left this turn.
|
|switch|p2a: Magearna|Magearna|100/100
|turn|5
|inactive|Shadowmaster101 has 15 seconds left this turn.
|inactive|malachic has 15 seconds left this turn.
|inactive|malachic has 10 seconds left.
|
|move|p1a: Cloyster|Rock Blast|p2a: Magearna
|-resisted|p2a: Magearna
|-damage|p2a: Magearna|94/100
|-resisted|p2a: Magearna
|-damage|p2a: Magearna|88/100
|-resisted|p2a: Magearna
|-crit|p2a: Magearna
|-damage|p2a: Magearna|77/100
|-resisted|p2a: Magearna
|-damage|p2a: Magearna|71/100
|-resisted|p2a: Magearna
|-damage|p2a: Magearna|64/100
|-hitcount|p2a: Magearna|5
|move|p2a: Magearna|Flash Cannon|p1a: Cloyster
|-damage|p1a: Cloyster|0 fnt
|faint|p1a: Cloyster
|-ability|p2a: Magearna|Soul-Heart|boost
|-boost|p2a: Magearna|spa|1
|
|upkeep
|inactive|Shadowmaster101 has 15 seconds left this turn.
|inactive|malachic has 15 seconds left this turn.
|inactive|Shadowmaster101 has 10 seconds left.
|
|switch|p1a: Lycanroc|Lycanroc-Midnight, M|100/100
|turn|6
|inactive|Shadowmaster101 has 15 seconds left this turn.
|inactive|malachic has 15 seconds left this turn.
|
|move|p1a: Lycanroc|Swords Dance|p1a: Lycanroc
|-boost|p1a: Lycanroc|atk|2
|move|p2a: Magearna|Energy Ball|p1a: Lycanroc
|-supereffective|p1a: Lycanroc
|-enditem|p1a: Lycanroc|Focus Sash
|-damage|p1a: Lycanroc|1/100
|
|upkeep
|turn|7
|inactive|Shadowmaster101 has 15 seconds left this turn.
|inactive|malachic has 15 seconds left this turn.
|inactive|Shadowmaster101 has 10 seconds left.
|
|move|p1a: Lycanroc|Stone Edge|p2a: Magearna
|-resisted|p2a: Magearna
|-damage|p2a: Magearna|22/100
|move|p2a: Magearna|Flash Cannon|p1a: Lycanroc
|-supereffective|p1a: Lycanroc
|-damage|p1a: Lycanroc|0 fnt
|faint|p1a: Lycanroc
|-ability|p2a: Magearna|Soul-Heart|boost
|-boost|p2a: Magearna|spa|1
|
|upkeep
|inactive|Shadowmaster101 has 15 seconds left this turn.
|inactive|malachic has 15 seconds left this turn.
|inactive|Shadowmaster101 has 10 seconds left.

|
|switch|p1a: Eelektross|Eelektross, F, shiny|100/100
|turn|8

|inactive|Shadowmaster101 has 15 seconds left this turn.
|inactive|malachic has 15 seconds left this turn.

|
|move|p2a: Magearna|Fleur Cannon|p1a: Eelektross
|-damage|p1a: Eelektross|0 fnt
|-unboost|p2a: Magearna|spa|2
|faint|p1a: Eelektross
|-ability|p2a: Magearna|Soul-Heart|boost
|-boost|p2a: Magearna|spa|1
|
|upkeep

|inactive|Shadowmaster101 has 15 seconds left this turn.
|inactive|malachic has 15 seconds left this turn.

|
|switch|p1a: Azumarill|Azumarill, F, shiny|100/100
|turn|9

|inactive|Shadowmaster101 has 15 seconds left this turn.
|inactive|malachic has 15 seconds left this turn.

|
|move|p2a: Magearna|Flash Cannon|p1a: Azumarill
|-damage|p1a: Azumarill|34/100
|move|p1a: Azumarill|Belly Drum||[still]
|-fail|p1a: Azumarill
|
|upkeep
|turn|10

|inactive|Shadowmaster101 has 15 seconds left this turn.
|inactive|malachic has 15 seconds left this turn.

|
|move|p1a: Azumarill|Aqua Jet|p2a: Magearna
|-damage|p2a: Magearna|10/100
|move|p2a: Magearna|Energy Ball|p1a: Azumarill
|-ability|p1a: Azumarill|Sap Sipper|boost
|-boost|p1a: Azumarill|atk|1
|
|upkeep
|turn|11

|inactive|Shadowmaster101 has 15 seconds left this turn.
|inactive|malachic has 15 seconds left this turn.

|
|move|p1a: Azumarill|Aqua Jet|p2a: Magearna
|-damage|p2a: Magearna|0 fnt
|faint|p2a: Magearna
|
|upkeep

|inactive|Shadowmaster101 has 15 seconds left this turn.
|inactive|malachic has 15 seconds left this turn.

|
|switch|p2a: Serperior|Serperior, F|100/100
|turn|12

|inactive|Shadowmaster101 has 15 seconds left this turn.
|inactive|malachic has 15 seconds left this turn.

|
|move|p2a: Serperior|Leaf Storm|p1a: Azumarill
|-ability|p1a: Azumarill|Sap Sipper|boost
|-boost|p1a: Azumarill|atk|1
|move|p1a: Azumarill|Ice Punch|p2a: Serperior
|-supereffective|p2a: Serperior
|-damage|p2a: Serperior|19/100
|
|upkeep
|turn|13

|inactive|Shadowmaster101 has 15 seconds left this turn.
|inactive|malachic has 15 seconds left this turn.

|
|move|p2a: Serperior|Giga Drain|p1a: Azumarill
|-ability|p1a: Azumarill|Sap Sipper|boost
|-boost|p1a: Azumarill|atk|1
|move|p1a: Azumarill|Ice Punch|p2a: Serperior
|-supereffective|p2a: Serperior
|-damage|p2a: Serperior|0 fnt
|faint|p2a: Serperior
|
|upkeep

|inactive|Shadowmaster101 has 15 seconds left this turn.
|inactive|malachic has 15 seconds left this turn.

|
|switch|p2a: Snorlax|Snorlax, F, shiny|100/100
|turn|14

|inactive|Shadowmaster101 has 15 seconds left this turn.
|inactive|malachic has 15 seconds left this turn.

|inactive|Shadowmaster101 has 10 seconds left.

|
|move|p1a: Azumarill|Aqua Jet|p2a: Snorlax
|-damage|p2a: Snorlax|70/100
|move|p2a: Snorlax|Toxic|p1a: Azumarill
|-status|p1a: Azumarill|tox
|
|-heal|p2a: Snorlax|76/100|[from] item: Leftovers
|-damage|p1a: Azumarill|28/100 tox|[from] psn
|upkeep
|turn|15

|inactive|Shadowmaster101 has 15 seconds left this turn.
|inactive|malachic has 15 seconds left this turn.

|
|move|p1a: Azumarill|Play Rough|p2a: Snorlax
|-damage|p2a: Snorlax|15/100
|move|p2a: Snorlax|Substitute|p2a: Snorlax
|-fail|p2a: Snorlax|move: Substitute|[weak]
|
|-heal|p2a: Snorlax|21/100|[from] item: Leftovers
|-damage|p1a: Azumarill|16/100 tox|[from] psn
|upkeep
|-enditem|p1a: Azumarill|Iapapa Berry|[eat]
|-heal|p1a: Azumarill|66/100 tox|[from] item: Iapapa Berry
|turn|16

|inactive|Shadowmaster101 has 15 seconds left this turn.
|inactive|malachic has 15 seconds left this turn.

|
|move|p2a: Snorlax|Protect|p2a: Snorlax
|-singleturn|p2a: Snorlax|Protect
|move|p1a: Azumarill|Aqua Jet|p2a: Snorlax
|-activate|p2a: Snorlax|move: Protect
|
|-heal|p2a: Snorlax|27/100|[from] item: Leftovers
|-damage|p1a: Azumarill|47/100 tox|[from] psn
|upkeep
|turn|17

|inactive|Shadowmaster101 has 15 seconds left this turn.
|inactive|malachic has 15 seconds left this turn.

|inactive|Shadowmaster101 has 10 seconds left.

|
|move|p1a: Azumarill|Play Rough|p2a: Snorlax|[miss]
|-miss|p1a: Azumarill|p2a: Snorlax
|move|p2a: Snorlax|Whirlwind|p1a: Azumarill
|drag|p1a: Decidueye|Decidueye, M, shiny|100/100
|
|-heal|p2a: Snorlax|33/100|[from] item: Leftovers
|upkeep
|turn|18

|inactive|Shadowmaster101 has 15 seconds left this turn.
|inactive|malachic has 15 seconds left this turn.

|inactive|Shadowmaster101 has 10 seconds left.

|
|move|p1a: Decidueye|Leaf Blade|p2a: Snorlax
|-damage|p2a: Snorlax|0 fnt
|-damage|p1a: Decidueye|91/100|[from] item: Life Orb
|faint|p2a: Snorlax
|
|upkeep

|inactive|Shadowmaster101 has 15 seconds left this turn.
|inactive|malachic has 15 seconds left this turn.

|
|switch|p2a: starship|Victini|100/100
|turn|19

|inactive|Shadowmaster101 has 15 seconds left this turn.
|inactive|malachic has 15 seconds left this turn.

|
|move|p1a: Decidueye|Shadow Sneak|p2a: starship
|-supereffective|p2a: starship
|-damage|p2a: starship|56/100
|-damage|p1a: Decidueye|81/100|[from] item: Life Orb
|move|p2a: starship|Blue Flare|p1a: Decidueye
|-supereffective|p1a: Decidueye
|-damage|p1a: Decidueye|0 fnt
|faint|p1a: Decidueye
|
|upkeep

|inactive|Shadowmaster101 has 15 seconds left this turn.
|inactive|malachic has 15 seconds left this turn.

|
|switch|p1a: Houndoom|Houndoom, M|100/100
|turn|20

|inactive|Shadowmaster101 has 15 seconds left this turn.
|inactive|malachic has 15 seconds left this turn.

|
|detailschange|p1a: Houndoom|Houndoom-Mega, M
|-mega|p1a: Houndoom|Houndoom|Houndoominite
|move|p1a: Houndoom|Dark Pulse|p2a: starship
|-supereffective|p2a: starship
|-damage|p2a: starship|4/100
|move|p2a: starship|Thunderbolt|p1a: Houndoom
|-crit|p1a: Houndoom
|-damage|p1a: Houndoom|53/100
|
|upkeep
|turn|21

|inactive|Shadowmaster101 has 15 seconds left this turn.
|inactive|malachic has 15 seconds left this turn.

|
|move|p1a: Houndoom|Dark Pulse|p2a: starship
|-supereffective|p2a: starship
|-damage|p2a: starship|0 fnt
|faint|p2a: starship
|
|win|Shadowmaster101