|init|battle
|title|lilonghui vs. catchanababy
|j|☆lilonghui
|j|☆catchanababy
|player|p1|lilonghui|266|1307
|player|p2|catchanababy|169|1357
|teamsize|p1|6
|teamsize|p2|6
|gametype|singles
|gen|7
|tier|[Gen 7] OU
|rated|
|rule|Sleep Clause Mod: Limit one foe put to sleep
|rule|Species Clause: Limit one of each Pokémon
|rule|OHKO Clause: OHKO moves are banned
|rule|Moody Clause: Moody is banned
|rule|Evasion Moves Clause: Evasion moves are banned
|rule|Endless Battle Clause: Forcing endless battles is banned
|rule|HP Percentage Mod: HP is shown in percentages
|clearpoke
|poke|p1|Tornadus-Therian, M|item
|poke|p1|Tangrowth, M|item
|poke|p1|Medicham, M|item
|poke|p1|Weavile, M|item
|poke|p1|Garchomp, M|item
|poke|p1|Magearna|item
|poke|p2|Charizard, M|item
|poke|p2|Landorus-Therian, M|item
|poke|p2|Tornadus-Therian, M|item
|poke|p2|Magearna|item
|poke|p2|Ninetales-Alola, F|item
|poke|p2|Toxapex, F|item
|teampreview
|inactive|Battle timer is ON: inactive players will automatically lose when time's up. (requested by catchanababy)
|
|start
|switch|p1a: Tornadus|Tornadus-Therian, M|100/100
|switch|p2a: Landorus|Landorus-Therian, M|100/100
|-ability|p2a: Landorus|Intimidate|boost
|-unboost|p1a: Tornadus|atk|1
|turn|1
|
|-zpower|p1a: Tornadus
|move|p1a: Tornadus|Supersonic Skystrike|p2a: Landorus|[zeffect]
|-crit|p2a: Landorus
|-damage|p2a: Landorus|0 fnt
|faint|p2a: Landorus
|
|upkeep
|
|switch|p2a: Ninetales|Ninetales-Alola, F|100/100
|-weather|Hail|[from] ability: Snow Warning|[of] p2a: Ninetales
|turn|2

|
|move|p2a: Ninetales|Freeze-Dry|p1a: Tornadus
|-supereffective|p1a: Tornadus
|-damage|p1a: Tornadus|30/100
|move|p1a: Tornadus|Taunt|p2a: Ninetales
|-start|p2a: Ninetales|move: Taunt
|
|-weather|Hail|[upkeep]
|-damage|p1a: Tornadus|24/100|[from] Hail
|upkeep
|turn|3

|
|switch|p2a: Charizard|Charizard, M|100/100
|switch|p1a: Magearna|Magearna|100/100
|
|-weather|Hail|[upkeep]
|-damage|p2a: Charizard|94/100|[from] Hail
|-damage|p1a: Magearna|94/100|[from] Hail
|upkeep
|turn|4

|
|detailschange|p2a: Charizard|Charizard-Mega-X, M
|-mega|p2a: Charizard|Charizard|Charizardite X
|move|p2a: Charizard|Dragon Dance|p2a: Charizard
|-boost|p2a: Charizard|atk|1
|-boost|p2a: Charizard|spe|1
|move|p1a: Magearna|Fleur Cannon|p2a: Charizard
|-damage|p2a: Charizard|0 fnt
|-unboost|p1a: Magearna|spa|2
|faint|p2a: Charizard
|-ability|p1a: Magearna|Soul-Heart|boost
|-boost|p1a: Magearna|spa|1
|
|-weather|Hail|[upkeep]
|-damage|p1a: Magearna|88/100|[from] Hail
|upkeep

|
|switch|p2a: Tornadus|Tornadus-Therian, M|100/100
|turn|5

|
|move|p2a: Tornadus|Knock Off|p1a: Magearna
|-resisted|p1a: Magearna
|-damage|p1a: Magearna|79/100
|-enditem|p1a: Magearna|Choice Specs|[from] move: Knock Off|[of] p2a: Tornadus
|move|p1a: Magearna|Fleur Cannon|p2a: Tornadus
|-crit|p2a: Tornadus
|-damage|p2a: Tornadus|0 fnt
|-unboost|p1a: Magearna|spa|2
|faint|p2a: Tornadus
|-ability|p1a: Magearna|Soul-Heart|boost
|-boost|p1a: Magearna|spa|1
|
|-weather|Hail|[upkeep]
|-damage|p1a: Magearna|73/100|[from] Hail
|upkeep

|
|switch|p2a: Ninetales|Ninetales-Alola, F|100/100
|turn|6

|
|move|p2a: Ninetales|Hidden Power|p1a: Magearna
|-supereffective|p1a: Magearna
|-damage|p1a: Magearna|42/100
|move|p1a: Magearna|Flash Cannon|p2a: Ninetales
|-supereffective|p2a: Ninetales
|-damage|p2a: Ninetales|0 fnt
|faint|p2a: Ninetales
|-ability|p1a: Magearna|Soul-Heart|boost
|-boost|p1a: Magearna|spa|1
|
|-weather|none
|upkeep

|-message|catchanababy forfeited.

|
|win|lilonghui