|init|battle
|title|Taranis Vision vs. Lafcadiope
|j|☆Taranis Vision
|j|☆Lafcadiope
|player|p1|Taranis Vision|163|1352
|player|p2|Lafcadiope|266|1388
|teamsize|p1|6
|teamsize|p2|6
|gametype|singles
|gen|7
|tier|[Gen 7] OU
|rated|
|rule|Sleep Clause Mod: Limit one foe put to sleep
|rule|Species Clause: Limit one of each Pokémon
|rule|OHKO Clause: OHKO moves are banned
|rule|Moody Clause: Moody is banned
|rule|Evasion Moves Clause: Evasion moves are banned
|rule|Endless Battle Clause: Forcing endless battles is banned
|rule|HP Percentage Mod: HP is shown in percentages
|clearpoke
|poke|p1|Dodrio, M|item
|poke|p1|Toxapex, M|item
|poke|p1|Magnezone|item
|poke|p1|Latios, M|item
|poke|p1|Landorus-Therian, M|item
|poke|p1|Tapu Bulu|item
|poke|p2|Pinsir, M|item
|poke|p2|Ribombee, M|item
|poke|p2|Magnezone|item
|poke|p2|Azumarill, F|item
|poke|p2|Garchomp, M|item
|poke|p2|Landorus-Therian, M|item
|teampreview
|
|start
|switch|p1a: Landeau russe|Landorus-Therian, M, shiny|100/100
|switch|p2a: Ribombee|Ribombee, M|100/100
|-ability|p1a: Landeau russe|Intimidate|boost
|-unboost|p2a: Ribombee|atk|1
|turn|1
|inactive|Battle timer is ON: inactive players will automatically lose when time's up. (requested by Lafcadiope)
|
|move|p2a: Ribombee|Quiver Dance|p2a: Ribombee
|-boost|p2a: Ribombee|spa|1
|-boost|p2a: Ribombee|spd|1
|-boost|p2a: Ribombee|spe|1
|move|p1a: Landeau russe|Stealth Rock|p2a: Ribombee
|-sidestart|p2: Lafcadiope|move: Stealth Rock
|
|upkeep
|turn|2
|
|move|p2a: Ribombee|Sticky Web|p1a: Landeau russe
|-sidestart|p1: Taranis Vision|move: Sticky Web
|move|p1a: Landeau russe|Toxic|p2a: Ribombee|[miss]
|-miss|p1a: Landeau russe|p2a: Ribombee
|
|upkeep
|turn|3
|
|move|p2a: Ribombee|Moonblast|p1a: Landeau russe
|-damage|p1a: Landeau russe|34/100
|-unboost|p1a: Landeau russe|spa|1
|move|p1a: Landeau russe|Toxic|p2a: Ribombee
|-status|p2a: Ribombee|tox
|
|-damage|p2a: Ribombee|94/100 tox|[from] psn
|upkeep
|turn|4
|
|switch|p1a: Zone|Magnezone, shiny|100/100
|-activate|p1a: Zone|move: Sticky Web
|-unboost|p1a: Zone|spe|1
|move|p2a: Ribombee|Moonblast|p1a: Zone
|-resisted|p1a: Zone
|-damage|p1a: Zone|60/100
|
|-damage|p2a: Ribombee|82/100 tox|[from] psn
|upkeep
|turn|5
|
|move|p2a: Ribombee|Hidden Power|p1a: Zone
|-supereffective|p1a: Zone
|-damage|p1a: Zone|0 fnt
|faint|p1a: Zone
|
|-damage|p2a: Ribombee|64/100 tox|[from] psn
|upkeep

|inactive|Taranis Vision has 120 seconds left.

|
|switch|p1a: Oursin versé|Toxapex, M, shiny|100/100
|-activate|p1a: Oursin versé|move: Sticky Web
|-unboost|p1a: Oursin versé|spe|1
|turn|6

|inactive|Lafcadiope has 120 seconds left.

|
|switch|p2a: Magnezone|Magnezone|100/100
|-damage|p2a: Magnezone|94/100|[from] Stealth Rock
|move|p1a: Oursin versé|Toxic Spikes|p2a: Magnezone
|-sidestart|p2: Lafcadiope|move: Toxic Spikes
|
|upkeep
|turn|7

|inactive|Lafcadiope has 120 seconds left.

|
|switch|p2a: Landorus|Landorus-Therian, M|100/100
|-damage|p2a: Landorus|88/100|[from] Stealth Rock
|-ability|p2a: Landorus|Intimidate|boost
|-unboost|p1a: Oursin versé|atk|1
|switch|p1a: Landeau russe|Landorus-Therian, M, shiny|34/100
|-ability|p1a: Landeau russe|Intimidate|boost
|-unboost|p2a: Landorus|atk|1
|
|upkeep
|turn|8

|inactive|Taranis Vision has 120 seconds left.

|inactive|Lafcadiope has 120 seconds left.

|
|move|p2a: Landorus|Defog|p1a: Landeau russe
|-unboost|p1a: Landeau russe|evasion|1
|-sideend|p1: Taranis Vision|Sticky Web|[from] move: Defog|[of] p2a: Landorus
|-sideend|p2: Lafcadiope|Toxic Spikes|[from] move: Defog|[of] p2a: Landorus
|-sideend|p2: Lafcadiope|Stealth Rock|[from] move: Defog|[of] p2a: Landorus
|move|p1a: Landeau russe|Toxic|p2a: Landorus
|-status|p2a: Landorus|tox
|
|-damage|p2a: Landorus|82/100 tox|[from] psn
|upkeep
|turn|9

|inactive|Taranis Vision has 120 seconds left.

|
|move|p2a: Landorus|Stealth Rock|p1a: Landeau russe
|-sidestart|p1: Taranis Vision|move: Stealth Rock
|move|p1a: Landeau russe|Stealth Rock|p2a: Landorus
|-sidestart|p2: Lafcadiope|move: Stealth Rock
|
|-damage|p2a: Landorus|69/100 tox|[from] psn
|upkeep
|turn|10

|inactive|Taranis Vision has 120 seconds left.

|
|move|p2a: Landorus|Defog|p1a: Landeau russe
|-unboost|p1a: Landeau russe|evasion|1
|-sideend|p1: Taranis Vision|Stealth Rock|[from] move: Defog|[of] p2a: Landorus
|-sideend|p2: Lafcadiope|Stealth Rock|[from] move: Defog|[of] p2a: Landorus
|move|p1a: Landeau russe|Toxic|p2a: Landorus
|-fail|p2a: Landorus|tox
|
|-damage|p2a: Landorus|50/100 tox|[from] psn
|upkeep
|turn|11

|
|move|p2a: Landorus|Explosion|p1a: Landeau russe
|-damage|p1a: Landeau russe|0 fnt
|faint|p2a: Landorus
|faint|p1a: Landeau russe
|
|upkeep

|
|switch|p2a: Magnezone|Magnezone|94/100
|switch|p1a: Tios|Latios, M|100/100
|turn|12

|
|detailschange|p1a: Tios|Latios-Mega, M
|-mega|p1a: Tios|Latios|Latiosite
|move|p2a: Magnezone|Volt Switch|p1a: Tios
|-resisted|p1a: Tios
|-crit|p1a: Tios
|-damage|p1a: Tios|69/100

|
|switch|p2a: Ribombee|Ribombee, M|64/100 tox|[from]move: Volt Switch
|move|p1a: Tios|Earthquake|p2a: Ribombee
|-resisted|p2a: Ribombee
|-damage|p2a: Ribombee|34/100 tox
|
|-damage|p2a: Ribombee|28/100 tox|[from] psn
|upkeep
|turn|13

|
|switch|p1a: Oursin versé|Toxapex, M, shiny|100/100
|move|p2a: Ribombee|Moonblast|p1a: Oursin versé
|-resisted|p1a: Oursin versé
|-damage|p1a: Oursin versé|87/100
|
|-heal|p1a: Oursin versé|93/100|[from] item: Black Sludge
|-damage|p2a: Ribombee|15/100 tox|[from] psn
|upkeep
|turn|14

|
|switch|p2a: Garchomp|Garchomp, M|100/100
|move|p1a: Oursin versé|Toxic Spikes|p2a: Garchomp
|-sidestart|p2: Lafcadiope|move: Toxic Spikes
|
|-heal|p1a: Oursin versé|99/100|[from] item: Black Sludge
|upkeep
|turn|15

|
|switch|p1a: RedBull|Tapu Bulu|100/100
|-fieldstart|move: Grassy Terrain|[from] ability: Grassy Surge|[of] p1a: RedBull
|move|p2a: Garchomp|Substitute|p2a: Garchomp
|-start|p2a: Garchomp|Substitute
|-damage|p2a: Garchomp|76/100
|
|-heal|p2a: Garchomp|82/100|[from] Grassy Terrain
|upkeep
|turn|16

|
|move|p2a: Garchomp|Swords Dance|p2a: Garchomp
|-boost|p2a: Garchomp|atk|2
|move|p1a: RedBull|Horn Leech|p2a: Garchomp
|-end|p2a: Garchomp|Substitute
|
|-heal|p2a: Garchomp|88/100|[from] Grassy Terrain
|upkeep
|turn|17

|
|switch|p2a: Magnezone|Magnezone|94/100
|move|p1a: RedBull|Horn Leech|p2a: Magnezone
|-resisted|p2a: Magnezone
|-damage|p2a: Magnezone|64/100
|
|-heal|p2a: Magnezone|70/100|[from] Grassy Terrain
|upkeep
|turn|18

|
|move|p1a: RedBull|Protect|p1a: RedBull
|-singleturn|p1a: RedBull|Protect
|move|p2a: Magnezone|Volt Switch|p1a: RedBull
|-activate|p1a: RedBull|move: Protect
|
|-heal|p2a: Magnezone|76/100|[from] Grassy Terrain
|upkeep
|turn|19

|
|move|p2a: Magnezone|Volt Switch|p1a: RedBull
|-resisted|p1a: RedBull
|-damage|p1a: RedBull|84/100

|
|switch|p2a: Ribombee|Ribombee, M|15/100 tox|[from]move: Volt Switch
|move|p1a: RedBull|Horn Leech|p2a: Ribombee
|-resisted|p2a: Ribombee
|-damage|p2a: Ribombee|0 fnt
|-heal|p1a: RedBull|90/100|[from] drain|[of] p2a: Ribombee
|faint|p2a: Ribombee
|
|-heal|p1a: RedBull|96/100|[from] item: Leftovers
|-heal|p1a: RedBull|100/100|[from] Grassy Terrain
|-fieldend|move: Grassy Terrain
|upkeep

|
|switch|p2a: Pinsir|Pinsir, M|100/100
|-status|p2a: Pinsir|psn
|turn|20

|
|switch|p1a: Oursin versé|Toxapex, M, shiny|100/100
|detailschange|p2a: Pinsir|Pinsir-Mega, M
|-mega|p2a: Pinsir|Pinsir|Pinsirite
|move|p2a: Pinsir|Frustration|p1a: Oursin versé
|-damage|p1a: Oursin versé|51/100
|
|-heal|p1a: Oursin versé|57/100|[from] item: Black Sludge
|-damage|p2a: Pinsir|88/100 psn|[from] psn
|upkeep
|turn|21

|
|move|p2a: Pinsir|Earthquake|p1a: Oursin versé
|-supereffective|p1a: Oursin versé
|-damage|p1a: Oursin versé|3/100
|move|p1a: Oursin versé|Recover|p1a: Oursin versé
|-heal|p1a: Oursin versé|53/100
|
|-heal|p1a: Oursin versé|59/100|[from] item: Black Sludge
|-damage|p2a: Pinsir|76/100 psn|[from] psn
|upkeep
|turn|22

|
|move|p2a: Pinsir|Swords Dance|p2a: Pinsir
|-boost|p2a: Pinsir|atk|2
|move|p1a: Oursin versé|Recover|p1a: Oursin versé
|-heal|p1a: Oursin versé|100/100
|
|-damage|p2a: Pinsir|64/100 psn|[from] psn
|upkeep
|turn|23

|
|move|p2a: Pinsir|Swords Dance|p2a: Pinsir
|-boost|p2a: Pinsir|atk|2
|move|p1a: Oursin versé|Scald|p2a: Pinsir
|-damage|p2a: Pinsir|41/100 psn
|
|-damage|p2a: Pinsir|29/100 psn|[from] psn
|upkeep
|turn|24

|
|move|p2a: Pinsir|Frustration|p1a: Oursin versé
|-damage|p1a: Oursin versé|0 fnt
|faint|p1a: Oursin versé
|
|-damage|p2a: Pinsir|16/100 psn|[from] psn
|upkeep

|
|switch|p1a: RedBull|Tapu Bulu|100/100
|-fieldstart|move: Grassy Terrain|[from] ability: Grassy Surge|[of] p1a: RedBull
|turn|25

|
|move|p1a: RedBull|Protect|p1a: RedBull
|-singleturn|p1a: RedBull|Protect
|move|p2a: Pinsir|Frustration|p1a: RedBull
|-activate|p1a: RedBull|move: Protect
|
|-damage|p2a: Pinsir|4/100 psn|[from] psn
|upkeep
|turn|26

|
|switch|p1a: TriEntek|Dodrio, M|100/100
|move|p2a: Pinsir|Frustration|p1a: TriEntek
|-damage|p1a: TriEntek|0 fnt
|faint|p1a: TriEntek
|
|-damage|p2a: Pinsir|0 fnt|[from] psn
|faint|p2a: Pinsir
|upkeep

|
|switch|p1a: RedBull|Tapu Bulu|100/100
|switch|p2a: Magnezone|Magnezone|76/100
|turn|27

|
|move|p1a: RedBull|Protect|p1a: RedBull
|-singleturn|p1a: RedBull|Protect
|move|p2a: Magnezone|Flash Cannon|p1a: RedBull
|-activate|p1a: RedBull|move: Protect
|
|-heal|p2a: Magnezone|82/100|[from] Grassy Terrain
|upkeep
|turn|28

|
|switch|p2a: Azumarill|Azumarill, F|100/100
|-status|p2a: Azumarill|psn
|switch|p1a: Tios|Latios-Mega, M|69/100
|
|-damage|p2a: Azumarill|88/100 psn|[from] psn
|upkeep
|turn|29

|
|move|p1a: Tios|Psychic|p2a: Azumarill
|-damage|p2a: Azumarill|27/100 psn
|-zpower|p2a: Azumarill
|move|p2a: Azumarill|Z-Belly Drum|p2a: Azumarill|[anim]Belly Drum
|-heal|p2a: Azumarill|100/100 psn|[zeffect]
|-damage|p2a: Azumarill|50/100 psn
|-setboost|p2a: Azumarill|atk|6|[from] move: Belly Drum
|
|-heal|p2a: Azumarill|57/100 psn|[from] Grassy Terrain
|-fieldend|move: Grassy Terrain
|-damage|p2a: Azumarill|44/100 psn|[from] psn
|upkeep
|turn|30

|
|move|p2a: Azumarill|Aqua Jet|p1a: Tios
|-resisted|p1a: Tios
|-damage|p1a: Tios|16/100
|move|p1a: Tios|Psychic|p2a: Azumarill
|-damage|p2a: Azumarill|0 fnt
|faint|p2a: Azumarill
|
|upkeep

|
|switch|p2a: Magnezone|Magnezone|82/100
|turn|31

|
|move|p2a: Magnezone|Flash Cannon|p1a: Tios
|-damage|p1a: Tios|0 fnt
|faint|p1a: Tios
|
|upkeep

|
|switch|p1a: RedBull|Tapu Bulu|100/100
|-fieldstart|move: Grassy Terrain|[from] ability: Grassy Surge|[of] p1a: RedBull
|turn|32

|
|move|p2a: Magnezone|Flash Cannon|p1a: RedBull
|-supereffective|p1a: RedBull
|-damage|p1a: RedBull|25/100
|move|p1a: RedBull|Superpower|p2a: Magnezone
|-supereffective|p2a: Magnezone
|-damage|p2a: Magnezone|3/100
|-unboost|p1a: RedBull|atk|1
|-unboost|p1a: RedBull|def|1
|
|-heal|p2a: Magnezone|9/100|[from] Grassy Terrain
|-heal|p1a: RedBull|31/100|[from] item: Leftovers
|-heal|p1a: RedBull|37/100|[from] Grassy Terrain
|upkeep
|turn|33

|
|move|p1a: RedBull|Protect|p1a: RedBull
|-singleturn|p1a: RedBull|Protect
|move|p2a: Magnezone|Flash Cannon|p1a: RedBull
|-activate|p1a: RedBull|move: Protect
|
|-heal|p2a: Magnezone|15/100|[from] Grassy Terrain
|-heal|p1a: RedBull|43/100|[from] item: Leftovers
|-heal|p1a: RedBull|49/100|[from] Grassy Terrain
|upkeep
|turn|34

|
|move|p1a: RedBull|Protect|p1a: RedBull
|-singleturn|p1a: RedBull|Protect
|move|p2a: Magnezone|Flash Cannon|p1a: RedBull
|-activate|p1a: RedBull|move: Protect
|
|-heal|p2a: Magnezone|21/100|[from] Grassy Terrain
|-heal|p1a: RedBull|55/100|[from] item: Leftovers
|-heal|p1a: RedBull|61/100|[from] Grassy Terrain
|upkeep
|turn|35

|
|move|p1a: RedBull|Protect||[still]
|-fail|p1a: RedBull
|move|p2a: Magnezone|Flash Cannon|p1a: RedBull
|-supereffective|p1a: RedBull
|-damage|p1a: RedBull|0 fnt
|faint|p1a: RedBull
|
|win|Lafcadiope