|init|battle
|title|BirdJesusAMessiah vs. Betislazz
|j|☆BirdJesusAMessiah
|j|☆Betislazz
|player|p1|BirdJesusAMessiah|144|1089
|player|p2|Betislazz|238|1147
|teamsize|p1|6
|teamsize|p2|6
|gametype|doubles
|gen|7
|tier|[Gen 7] Doubles Ubers
|rated|
|rule|Species Clause: Limit one of each Pokémon
|rule|OHKO Clause: OHKO moves are banned
|rule|Moody Clause: Moody is banned
|rule|Evasion Abilities Clause: Evasion abilities are banned
|rule|Evasion Moves Clause: Evasion moves are banned
|rule|Endless Battle Clause: Forcing endless battles is banned
|rule|HP Percentage Mod: HP is shown in percentages
|clearpoke
|poke|p1|Gengar, M|item
|poke|p1|Kommo-o, F|item
|poke|p1|Xurkitree|item
|poke|p1|Tapu Bulu|item
|poke|p1|Incineroar, F|item
|poke|p1|Clefairy, M|item
|poke|p2|Medicham, M|item
|poke|p2|Sylveon, M|item
|poke|p2|Celesteela|item
|poke|p2|Incineroar, M|item
|poke|p2|Kyogre|item
|poke|p2|Yveltal|item
|teampreview
|inactive|Battle timer is ON: inactive players will automatically lose when time's up. (requested by BirdJesusAMessiah)
|
|start
|switch|p1a: Gengar|Gengar, M|100/100
|switch|p1b: Clefairy|Clefairy, M|100/100
|switch|p2a: Yveltal|Yveltal|100/100
|switch|p2b: Medicham|Medicham, M, shiny|100/100
|-ability|p2a: Yveltal|Dark Aura
|turn|1
|
|detailschange|p1a: Gengar|Gengar-Mega, M
|-mega|p1a: Gengar|Gengar|Gengarite
|detailschange|p2b: Medicham|Medicham-Mega, M, shiny
|-mega|p2b: Medicham|Medicham|Medichamite
|move|p1b: Clefairy|Helping Hand|p1a: Gengar
|-singleturn|p1a: Gengar|Helping Hand|[of] p1b: Clefairy
|move|p2b: Medicham|Fake Out|p1b: Clefairy
|-damage|p1b: Clefairy|76/100
|move|p2a: Yveltal|Sucker Punch|p1a: Gengar
|-supereffective|p1a: Gengar
|-damage|p1a: Gengar|0 fnt
|faint|p1a: Gengar
|
|upkeep

|
|switch|p1a: Xurkitree|Xurkitree|100/100
|turn|2

|
|switch|p2a: Celesteela|Celesteela|100/100
|move|p1b: Clefairy|Follow Me|p1b: Clefairy
|-singleturn|p1b: Clefairy|move: Follow Me
|move|p2b: Medicham|Force Palm|p1b: Clefairy
|-resisted|p1b: Clefairy
|-damage|p1b: Clefairy|51/100
|move|p1a: Xurkitree|Tail Glow|p1a: Xurkitree
|-boost|p1a: Xurkitree|spa|3
|
|upkeep
|turn|3

|
|move|p1b: Clefairy|Follow Me|p1b: Clefairy
|-singleturn|p1b: Clefairy|move: Follow Me
|move|p2b: Medicham|Psycho Cut|p1b: Clefairy
|-damage|p1b: Clefairy|0 fnt
|faint|p1b: Clefairy
|move|p1a: Xurkitree|Thunderbolt|p2a: Celesteela
|-supereffective|p2a: Celesteela
|-damage|p2a: Celesteela|0 fnt
|faint|p2a: Celesteela
|-ability|p1a: Xurkitree|Beast Boost|boost
|-boost|p1a: Xurkitree|spa|1
|
|upkeep

|
|switch|p2a: Sylveon|Sylveon, M|100/100
|switch|p1b: Incineroar|Incineroar, F|100/100
|-ability|p1b: Incineroar|Intimidate|boost
|-unboost|p2a: Sylveon|atk|1
|-unboost|p2b: Medicham|atk|1
|turn|4

|
|move|p1b: Incineroar|Fake Out|p2a: Sylveon
|-damage|p2a: Sylveon|81/100
|move|p2b: Medicham|Psycho Cut|p1a: Xurkitree
|-crit|p1a: Xurkitree
|-damage|p1a: Xurkitree|0 fnt
|faint|p1a: Xurkitree
|cant|p2a: Sylveon|flinch
|
|upkeep

|
|switch|p1a: Tapu Bulu|Tapu Bulu|100/100
|-fieldstart|move: Grassy Terrain|[from] ability: Grassy Surge|[of] p1a: Tapu Bulu
|turn|5

|
|move|p2b: Medicham|Psycho Cut|p1a: Tapu Bulu
|-crit|p1a: Tapu Bulu
|-damage|p1a: Tapu Bulu|14/100
|move|p1a: Tapu Bulu|Horn Leech|p2a: Sylveon
|-damage|p2a: Sylveon|2/100
|-heal|p1a: Tapu Bulu|52/100|[from] drain|[of] p2a: Sylveon
|move|p1b: Incineroar|Flare Blitz|p2b: Medicham
|-damage|p2b: Medicham|20/100
|-damage|p1b: Incineroar|83/100|[from] Recoil
|-zpower|p2a: Sylveon
|move|p2a: Sylveon|Twinkle Tackle|p1b: Incineroar|[zeffect]
|-crit|p1b: Incineroar
|-damage|p1b: Incineroar|0 fnt
|faint|p1b: Incineroar
|
|-heal|p2b: Medicham|26/100|[from] Grassy Terrain
|-heal|p1a: Tapu Bulu|58/100|[from] Grassy Terrain
|-heal|p2a: Sylveon|8/100|[from] Grassy Terrain
|upkeep

|
|switch|p1b: Kommo-o|Kommo-o, F|100/100
|turn|6

|
|move|p2b: Medicham|Psycho Cut|p1a: Tapu Bulu
|-damage|p1a: Tapu Bulu|17/100
|-zpower|p1b: Kommo-o
|move|p1b: Kommo-o|Clangorous Soulblaze|p2b: Medicham|[zeffect]|[spread] p2b
|-immune|p2a: Sylveon
|-damage|p2b: Medicham|0 fnt
|-boost|p1b: Kommo-o|atk|1
|-boost|p1b: Kommo-o|def|1
|-boost|p1b: Kommo-o|spa|1
|-boost|p1b: Kommo-o|spd|1
|-boost|p1b: Kommo-o|spe|1
|faint|p2b: Medicham
|move|p1a: Tapu Bulu|Rock Tomb|p2a: Sylveon
|-damage|p2a: Sylveon|0 fnt
|faint|p2a: Sylveon
|
|-heal|p1a: Tapu Bulu|23/100|[from] Grassy Terrain
|upkeep

|
|switch|p2b: Yveltal|Yveltal|100/100
|switch|p2a: Kyogre|Kyogre|100/100
|-ability|p2b: Yveltal|Dark Aura
|detailschange|p2a: Kyogre|Kyogre-Primal
|-primal|p2a: Kyogre
|-weather|PrimordialSea|[from] ability: Primordial Sea|[of] p2a: Kyogre
|turn|7

|
|move|p1b: Kommo-o|Focus Blast|p2b: Yveltal|[miss]
|-miss|p1b: Kommo-o|p2b: Yveltal
|move|p2b: Yveltal|Oblivion Wing|p1a: Tapu Bulu
|-supereffective|p1a: Tapu Bulu
|-damage|p1a: Tapu Bulu|0 fnt
|faint|p1a: Tapu Bulu
|move|p2a: Kyogre|Ice Beam|p1b: Kommo-o
|-supereffective|p1b: Kommo-o
|-damage|p1b: Kommo-o|31/100
|
|-weather|PrimordialSea|[upkeep]
|-heal|p1b: Kommo-o|37/100|[from] Grassy Terrain
|upkeep
|turn|8

|
|switch|p2b: Incineroar|Incineroar, M|100/100
|-ability|p2b: Incineroar|Intimidate|boost
|-unboost|p1b: Kommo-o|atk|1
|move|p1b: Kommo-o|Focus Blast|p2b: Incineroar
|-supereffective|p2b: Incineroar
|-damage|p2b: Incineroar|0 fnt
|faint|p2b: Incineroar
|move|p2a: Kyogre|Ice Beam|p1b: Kommo-o
|-supereffective|p1b: Kommo-o
|-damage|p1b: Kommo-o|0 fnt
|faint|p1b: Kommo-o
|
|win|Betislazz