|init|battle
|title|Sir Moonlight vs. Gibbonitis
|j|☆Sir Moonlight
|j|☆Gibbonitis
|player|p1|Sir Moonlight|290|1390
|player|p2|Gibbonitis|169|1260
|teamsize|p1|6
|teamsize|p2|6
|gametype|singles
|gen|7
|tier|[Gen 7] Anything Goes
|rated|
|rule|Endless Battle Clause: Forcing endless battles is banned
|clearpoke
|poke|p1|Kartana|item
|poke|p1|Weavile, M|item
|poke|p1|Aegislash, M|item
|poke|p1|Rayquaza|item
|poke|p1|Groudon|item
|poke|p1|Darkrai|item
|poke|p2|Empoleon, M|item
|poke|p2|Roserade, F|item
|poke|p2|Crobat, F|item
|poke|p2|Rampardos, F|item
|poke|p2|Houndoom, M|item
|poke|p2|Luxray, F|item
|rule|HP Percentage Mod: HP is shown in percentages
|teampreview
|inactive|Battle timer is ON: inactive players will automatically lose when time's up. (requested by Gibbonitis)
|
|start
|switch|p1a: Insomnia|Darkrai|100/100
|switch|p2a: Rampardos|Rampardos, F|100/100
|turn|1
|
|move|p1a: Insomnia|Dark Void|p2a: Rampardos
|-status|p2a: Rampardos|slp|[from] move: Dark Void
|cant|p2a: Rampardos|slp
|
|-damage|p2a: Rampardos|88/100 slp|[from] ability: Bad Dreams|[of] p1a: Insomnia
|upkeep
|turn|2
|
|move|p1a: Insomnia|Nasty Plot|p1a: Insomnia
|-boost|p1a: Insomnia|spa|2
|cant|p2a: Rampardos|slp
|
|-damage|p2a: Rampardos|76/100 slp|[from] ability: Bad Dreams|[of] p1a: Insomnia
|upkeep
|turn|3

|
|move|p1a: Insomnia|Nasty Plot|p1a: Insomnia
|-boost|p1a: Insomnia|spa|2
|-curestatus|p2a: Rampardos|slp|[msg]
|move|p2a: Rampardos|Head Smash|p1a: Insomnia
|-damage|p1a: Insomnia|3/100
|-damage|p2a: Rampardos|26/100|[from] Recoil
|
|-heal|p1a: Insomnia|9/100|[from] item: Leftovers
|upkeep
|turn|4

|
|move|p1a: Insomnia|Spacial Rend|p2a: Rampardos
|-damage|p2a: Rampardos|0 fnt
|faint|p2a: Rampardos
|
|-heal|p1a: Insomnia|15/100|[from] item: Leftovers
|upkeep

|
|switch|p2a: Crobat|Crobat, F|100/100
|turn|5

|
|move|p2a: Crobat|Leech Life|p1a: Insomnia
|-supereffective|p1a: Insomnia
|-damage|p1a: Insomnia|0 fnt
|faint|p1a: Insomnia
|
|upkeep

|
|switch|p1a: Down's|Groudon, shiny|100/100
|detailschange|p1a: Down's|Groudon-Primal, shiny
|-primal|p1a: Down's
|-weather|DesolateLand|[from] ability: Desolate Land|[of] p1a: Down's
|turn|6

|-message|Gibbonitis forfeited.

|
|win|Sir Moonlight