|init|battle
|title|TochterAusElysium vs. CleanRed xD
|j|☆TochterAusElysium
|j|☆CleanRed xD
|player|p1|TochterAusElysium|169|1073
|player|p2|CleanRed xD|163|1058
|teamsize|p1|6
|teamsize|p2|6
|gametype|singles
|gen|7
|tier|[Gen 7] OU
|rated|
|rule|Sleep Clause Mod: Limit one foe put to sleep
|rule|Species Clause: Limit one of each Pokémon
|rule|OHKO Clause: OHKO moves are banned
|rule|Moody Clause: Moody is banned
|rule|Evasion Moves Clause: Evasion moves are banned
|rule|Endless Battle Clause: Forcing endless battles is banned
|rule|HP Percentage Mod: HP is shown in percentages
|clearpoke
|poke|p1|Bisharp, M|item
|poke|p1|Shuckle, M|item
|poke|p1|Thundurus, M|item
|poke|p1|Tapu Fini|item
|poke|p1|Tyranitar, F|item
|poke|p1|Kartana|item
|poke|p2|Espeon, M|item
|poke|p2|Snorlax, M|item
|poke|p2|Blastoise, M|item
|poke|p2|Venusaur, M|item
|poke|p2|Charizard, M|item
|poke|p2|Pikachu, M|item
|teampreview
|
|start
|switch|p1a: Shuckle|Shuckle, M|100/100
|switch|p2a: Charizard|Charizard, M|100/100
|turn|1
|
|move|p2a: Charizard|Dragon Dance|p2a: Charizard
|-boost|p2a: Charizard|atk|1
|-boost|p2a: Charizard|spe|1
|move|p1a: Shuckle|Stealth Rock|p2a: Charizard
|-sidestart|p2: CleanRed xD|move: Stealth Rock
|
|upkeep
|turn|2
|
|move|p2a: Charizard|Dragon Dance|p2a: Charizard
|-boost|p2a: Charizard|atk|1
|-boost|p2a: Charizard|spe|1
|move|p1a: Shuckle|Sticky Web|p2a: Charizard
|-sidestart|p2: CleanRed xD|move: Sticky Web
|
|upkeep
|turn|3

|
|move|p2a: Charizard|Dragon Dance|p2a: Charizard
|-boost|p2a: Charizard|atk|1
|-boost|p2a: Charizard|spe|1
|move|p1a: Shuckle|Encore|p2a: Charizard
|-start|p2a: Charizard|Encore
|
|upkeep
|turn|4

|
|switch|p1a: Tyranitar|Tyranitar, F|100/100
|-weather|Sandstorm|[from] ability: Sand Stream|[of] p1a: Tyranitar
|detailschange|p2a: Charizard|Charizard-Mega-X, M
|-mega|p2a: Charizard|Charizard|Charizardite X
|move|p2a: Charizard|Dragon Dance|p2a: Charizard
|-boost|p2a: Charizard|atk|1
|-boost|p2a: Charizard|spe|1
|
|-weather|Sandstorm|[upkeep]
|-damage|p2a: Charizard|94/100|[from] Sandstorm
|upkeep
|turn|5

|
|detailschange|p1a: Tyranitar|Tyranitar-Mega, F
|-mega|p1a: Tyranitar|Tyranitar|Tyranitarite
|move|p2a: Charizard|Dragon Dance|p2a: Charizard
|-boost|p2a: Charizard|atk|1
|-boost|p2a: Charizard|spe|1
|move|p1a: Tyranitar|Stone Edge|p2a: Charizard
|-supereffective|p2a: Charizard
|-damage|p2a: Charizard|0 fnt
|faint|p2a: Charizard
|
|-weather|Sandstorm|[upkeep]
|upkeep

|-message|CleanRed xD forfeited.

|
|win|TochterAusElysium