|init|battle
|title|Zu1e vs. juniorali
|j|☆Zu1e
|j|☆juniorali
|player|p1|Zu1e|70|1121
|player|p2|juniorali|266|1103
|teamsize|p1|6
|teamsize|p2|6
|gametype|singles
|gen|7
|tier|[Gen 7] OU
|rated|
|rule|Sleep Clause Mod: Limit one foe put to sleep
|rule|Species Clause: Limit one of each Pokémon
|rule|OHKO Clause: OHKO moves are banned
|rule|Moody Clause: Moody is banned
|rule|Evasion Moves Clause: Evasion moves are banned
|rule|Endless Battle Clause: Forcing endless battles is banned
|rule|HP Percentage Mod: HP is shown in percentages
|clearpoke
|poke|p1|Medicham, M|item
|poke|p1|Weavile, F|item
|poke|p1|Latios, M|item
|poke|p1|Ferrothorn, M|item
|poke|p1|Kartana|item
|poke|p1|Greninja, M|item
|poke|p2|Thundurus-Therian, M|item
|poke|p2|Dragonite, F|item
|poke|p2|Gyarados, F|item
|poke|p2|Landorus-Therian, M|item
|poke|p2|Charizard, M|item
|poke|p2|Scizor, M|item
|teampreview
|c|☆juniorali|holaaaaaaaaaaaaaaaaaa
|inactive|Battle timer is ON: inactive players will automatically lose when time's up. (requested by juniorali)
|inactive|Zu1e has 120 seconds left.
|
|start
|switch|p1a: Weavile|Weavile, F|100/100
|switch|p2a: Gyarados|Gyarados, F|100/100
|-ability|p1a: Weavile|Pressure
|-ability|p2a: Gyarados|Intimidate|boost
|-unboost|p1a: Weavile|atk|1
|turn|1

|
|move|p1a: Weavile|Knock Off|p2a: Gyarados
|-damage|p2a: Gyarados|41/100
|-enditem|p2a: Gyarados|Lum Berry|[from] move: Knock Off|[of] p1a: Weavile
|move|p2a: Gyarados|Dragon Dance|p2a: Gyarados
|-boost|p2a: Gyarados|atk|1
|-boost|p2a: Gyarados|spe|1
|
|upkeep
|turn|2

|
|move|p1a: Weavile|Knock Off|p2a: Gyarados
|-damage|p2a: Gyarados|4/100
|move|p2a: Gyarados|Waterfall|p1a: Weavile
|-damage|p1a: Weavile|0 fnt
|faint|p1a: Weavile
|
|upkeep

|
|switch|p1a: Ferrothorn|Ferrothorn, M|100/100
|turn|3

|
|move|p2a: Gyarados|Earthquake|p1a: Ferrothorn
|-crit|p1a: Ferrothorn
|-damage|p1a: Ferrothorn|45/100
|move|p1a: Ferrothorn|Power Whip|p2a: Gyarados
|-damage|p2a: Gyarados|0 fnt
|faint|p2a: Gyarados
|
|-heal|p1a: Ferrothorn|52/100|[from] item: Leftovers
|upkeep

|
|switch|p2a: Charizard|Charizard, M|100/100
|turn|4

|
|switch|p1a: Greninja|Greninja, M|100/100
|detailschange|p2a: Charizard|Charizard-Mega-X, M
|-mega|p2a: Charizard|Charizard|Charizardite X
|move|p2a: Charizard|Dragon Dance|p2a: Charizard
|-boost|p2a: Charizard|atk|1
|-boost|p2a: Charizard|spe|1
|
|upkeep
|turn|5

|
|move|p2a: Charizard|Dragon Claw|p1a: Greninja
|-damage|p1a: Greninja|0 fnt
|faint|p1a: Greninja
|
|upkeep

|
|switch|p1a: Latios|Latios, M|100/100
|turn|6

|
|move|p2a: Charizard|Dragon Claw|p1a: Latios
|-supereffective|p1a: Latios
|-damage|p1a: Latios|0 fnt
|faint|p1a: Latios
|
|upkeep

|
|switch|p1a: Medicham|Medicham, M|100/100
|turn|7

|
|detailschange|p1a: Medicham|Medicham-Mega, M
|-mega|p1a: Medicham|Medicham|Medichamite
|move|p2a: Charizard|Dragon Claw|p1a: Medicham
|-damage|p1a: Medicham|0 fnt
|faint|p1a: Medicham
|
|upkeep

|-message|Zu1e forfeited.

|
|win|juniorali