|init|battle
|title|Refinery1 vs. LoogiBaloogi
|j|☆Refinery1
|j|☆LoogiBaloogi
|player|p1|Refinery1|190|1301
|player|p2|LoogiBaloogi|136|1328
|teamsize|p1|6
|teamsize|p2|6
|gametype|singles
|gen|7
|tier|[Gen 7] OU (Blitz)
|rated|
|rule|Sleep Clause Mod: Limit one foe put to sleep
|rule|Species Clause: Limit one of each Pokémon
|rule|OHKO Clause: OHKO moves are banned
|rule|Moody Clause: Moody is banned
|rule|Evasion Moves Clause: Evasion moves are banned
|rule|Endless Battle Clause: Forcing endless battles is banned
|rule|HP Percentage Mod: HP is shown in percentages
|clearpoke
|poke|p1|Sableye, M|item
|poke|p1|Ninetales-Alola, F|item
|poke|p1|Garchomp, F|item
|poke|p1|Volcanion|item
|poke|p1|Jirachi|item
|poke|p1|Zapdos|item
|poke|p2|Gyarados, F|item
|poke|p2|Serperior, F|item
|poke|p2|Landorus-Therian, M|item
|poke|p2|Zapdos|item
|poke|p2|Kommo-o, M|item
|poke|p2|Victini|item
|rule|Blitz: Super-fast timer
|teampreview
|inactive|Refinery1 has 30 seconds left this turn.
|inactive|LoogiBaloogi has 30 seconds left this turn.
|inactive|Battle timer is ON: inactive players will automatically lose when time's up. (requested by Refinery1)
|
|start
|switch|p1a: Sableye|Sableye, M, shiny|100/100
|switch|p2a: Kaya|Serperior, F, shiny|100/100
|turn|1
|inactive|Refinery1 has 15 seconds left this turn.
|inactive|LoogiBaloogi has 15 seconds left this turn.
|
|detailschange|p1a: Sableye|Sableye-Mega, M, shiny
|-mega|p1a: Sableye|Sableye|Sablenite
|move|p1a: Sableye|Protect|p1a: Sableye
|-singleturn|p1a: Sableye|Protect
|move|p2a: Kaya|Defog|p1a: Sableye
|-activate|p1a: Sableye|move: Protect
|
|upkeep
|turn|2
|inactive|Refinery1 has 15 seconds left this turn.
|inactive|LoogiBaloogi has 15 seconds left this turn.
|
|switch|p1a: Volcanion|Volcanion|100/100
|move|p2a: Kaya|Leaf Storm|p1a: Volcanion
|-damage|p1a: Volcanion|37/100
|-boost|p2a: Kaya|spa|2
|
|-heal|p1a: Volcanion|43/100|[from] item: Leftovers
|upkeep
|turn|3
|inactive|Refinery1 has 15 seconds left this turn.
|inactive|LoogiBaloogi has 15 seconds left this turn.

|
|switch|p1a: Jirachi|Jirachi|100/100
|move|p2a: Kaya|Leaf Storm|p1a: Jirachi
|-resisted|p1a: Jirachi
|-damage|p1a: Jirachi|72/100
|-boost|p2a: Kaya|spa|2
|
|-heal|p1a: Jirachi|78/100|[from] item: Leftovers
|upkeep
|turn|4

|inactive|Refinery1 has 15 seconds left this turn.
|inactive|LoogiBaloogi has 15 seconds left this turn.

|
|move|p2a: Kaya|Hidden Power|p1a: Jirachi
|-supereffective|p1a: Jirachi
|-damage|p1a: Jirachi|27/100
|move|p1a: Jirachi|Body Slam|p2a: Kaya
|-damage|p2a: Kaya|77/100
|-status|p2a: Kaya|par
|
|-heal|p1a: Jirachi|33/100|[from] item: Leftovers
|upkeep
|turn|5

|inactive|Refinery1 has 15 seconds left this turn.
|inactive|LoogiBaloogi has 15 seconds left this turn.

|
|move|p1a: Jirachi|Protect|p1a: Jirachi
|-singleturn|p1a: Jirachi|Protect
|move|p2a: Kaya|Leaf Storm|p1a: Jirachi
|-activate|p1a: Jirachi|move: Protect
|
|-heal|p1a: Jirachi|39/100|[from] item: Leftovers
|upkeep
|turn|6

|inactive|Refinery1 has 15 seconds left this turn.
|inactive|LoogiBaloogi has 15 seconds left this turn.

|
|move|p1a: Jirachi|Iron Head|p2a: Kaya
|-damage|p2a: Kaya|44/100 par
|move|p2a: Kaya|Leaf Storm|p1a: Jirachi
|-resisted|p1a: Jirachi
|-damage|p1a: Jirachi|0 fnt
|-boost|p2a: Kaya|spa|2
|faint|p1a: Jirachi
|
|upkeep

|inactive|Refinery1 has 15 seconds left this turn.
|inactive|LoogiBaloogi has 15 seconds left this turn.

|
|switch|p1a: Volcanion|Volcanion|43/100
|turn|7

|inactive|Refinery1 has 15 seconds left this turn.
|inactive|LoogiBaloogi has 15 seconds left this turn.

|
|move|p1a: Volcanion|Flame Charge|p2a: Kaya
|-supereffective|p2a: Kaya
|-damage|p2a: Kaya|0 fnt
|-boost|p1a: Volcanion|spe|1
|faint|p2a: Kaya
|
|-heal|p1a: Volcanion|49/100|[from] item: Leftovers
|upkeep

|inactive|Refinery1 has 15 seconds left this turn.
|inactive|LoogiBaloogi has 15 seconds left this turn.

|
|switch|p2a: Zapdos|Zapdos|100/100
|turn|8

|inactive|Refinery1 has 15 seconds left this turn.
|inactive|LoogiBaloogi has 15 seconds left this turn.

|
|move|p1a: Volcanion|Steam Eruption|p2a: Zapdos
|-damage|p2a: Zapdos|63/100
|-status|p2a: Zapdos|brn
|move|p2a: Zapdos|Discharge|p1a: Volcanion
|-supereffective|p1a: Volcanion
|-damage|p1a: Volcanion|0 fnt
|faint|p1a: Volcanion
|
|-damage|p2a: Zapdos|57/100 brn|[from] brn
|upkeep

|inactive|Refinery1 has 15 seconds left this turn.
|inactive|LoogiBaloogi has 15 seconds left this turn.

|
|switch|p1a: Ninetales|Ninetales-Alola, F, shiny|100/100
|-weather|Hail|[from] ability: Snow Warning|[of] p1a: Ninetales
|turn|9

|inactive|Refinery1 has 15 seconds left this turn.
|inactive|LoogiBaloogi has 15 seconds left this turn.

|
|move|p1a: Ninetales|Blizzard|p2a: Zapdos
|-supereffective|p2a: Zapdos
|-damage|p2a: Zapdos|0 fnt
|faint|p2a: Zapdos
|
|-weather|Hail|[upkeep]
|upkeep

|inactive|Refinery1 has 15 seconds left this turn.
|inactive|LoogiBaloogi has 15 seconds left this turn.

|
|switch|p2a: Victini|Victini|100/100
|turn|10

|inactive|Refinery1 has 15 seconds left this turn.
|inactive|LoogiBaloogi has 15 seconds left this turn.

|
|switch|p1a: Zapdos|Zapdos, shiny|100/100
|-ability|p1a: Zapdos|Pressure
|move|p2a: Victini|V-create|p1a: Zapdos
|-damage|p1a: Zapdos|9/100
|-unboost|p2a: Victini|spe|1
|-unboost|p2a: Victini|def|1
|-unboost|p2a: Victini|spd|1
|
|-weather|Hail|[upkeep]
|-damage|p1a: Zapdos|3/100|[from] Hail
|-damage|p2a: Victini|94/100|[from] Hail
|-heal|p1a: Zapdos|9/100|[from] item: Leftovers
|upkeep
|turn|11

|inactive|Refinery1 has 15 seconds left this turn.
|inactive|LoogiBaloogi has 15 seconds left this turn.

|
|move|p1a: Zapdos|Discharge|p2a: Victini
|-damage|p2a: Victini|47/100
|move|p2a: Victini|V-create|p1a: Zapdos
|-damage|p1a: Zapdos|0 fnt
|-unboost|p2a: Victini|spe|1
|-unboost|p2a: Victini|def|1
|-unboost|p2a: Victini|spd|1
|faint|p1a: Zapdos
|
|-weather|Hail|[upkeep]
|-damage|p2a: Victini|40/100|[from] Hail
|upkeep

|inactive|Refinery1 has 15 seconds left this turn.
|inactive|LoogiBaloogi has 15 seconds left this turn.

|
|switch|p1a: Ninetales|Ninetales-Alola, F, shiny|100/100
|turn|12

|inactive|Refinery1 has 15 seconds left this turn.
|inactive|LoogiBaloogi has 15 seconds left this turn.

|
|switch|p2a: Gyarados|Gyarados, F|100/100
|-ability|p2a: Gyarados|Intimidate|boost
|-unboost|p1a: Ninetales|atk|1
|move|p1a: Ninetales|Blizzard|p2a: Gyarados
|-damage|p2a: Gyarados|59/100
|
|-weather|Hail|[upkeep]
|-damage|p2a: Gyarados|52/100|[from] Hail
|upkeep
|turn|13

|inactive|Refinery1 has 15 seconds left this turn.
|inactive|LoogiBaloogi has 15 seconds left this turn.

|
|detailschange|p2a: Gyarados|Gyarados-Mega, F
|-mega|p2a: Gyarados|Gyarados|Gyaradosite
|-ability|p2a: Gyarados|Mold Breaker
|move|p1a: Ninetales|Freeze-Dry|p2a: Gyarados
|-supereffective|p2a: Gyarados
|-damage|p2a: Gyarados|7/100
|move|p2a: Gyarados|Dragon Dance|p2a: Gyarados
|-boost|p2a: Gyarados|atk|1
|-boost|p2a: Gyarados|spe|1
|
|-weather|none
|upkeep
|turn|14

|inactive|Refinery1 has 15 seconds left this turn.
|inactive|LoogiBaloogi has 15 seconds left this turn.

|
|switch|p1a: Sableye|Sableye-Mega, M, shiny|100/100
|move|p2a: Gyarados|Iron Head|p1a: Sableye
|-damage|p1a: Sableye|53/100
|
|upkeep
|turn|15

|inactive|Refinery1 has 15 seconds left this turn.
|inactive|LoogiBaloogi has 15 seconds left this turn.

|
|move|p2a: Gyarados|Dragon Dance|p2a: Gyarados
|-boost|p2a: Gyarados|atk|1
|-boost|p2a: Gyarados|spe|1
|move|p1a: Sableye|Foul Play|p2a: Gyarados
|-resisted|p2a: Gyarados
|-damage|p2a: Gyarados|0 fnt
|faint|p2a: Gyarados
|
|upkeep

|inactive|Refinery1 has 15 seconds left this turn.
|inactive|LoogiBaloogi has 15 seconds left this turn.

|inactive|LoogiBaloogi has 10 seconds left.

|
|switch|p2a: Victini|Victini|40/100
|turn|16

|inactive|Refinery1 has 15 seconds left this turn.
|inactive|LoogiBaloogi has 15 seconds left this turn.

|inactive|LoogiBaloogi has 10 seconds left.

|
|move|p1a: Sableye|Protect|p1a: Sableye
|-singleturn|p1a: Sableye|Protect
|move|p2a: Victini|V-create|p1a: Sableye
|-activate|p1a: Sableye|move: Protect
|
|upkeep
|turn|17

|inactive|Refinery1 has 15 seconds left this turn.
|inactive|LoogiBaloogi has 15 seconds left this turn.

|
|switch|p1a: Garchomp|Garchomp, F|100/100
|move|p2a: Victini|V-create|p1a: Garchomp
|-resisted|p1a: Garchomp
|-damage|p1a: Garchomp|38/100
|-damage|p2a: Victini|28/100|[from] ability: Rough Skin|[of] p1a: Garchomp
|-unboost|p2a: Victini|spe|1
|-unboost|p2a: Victini|def|1
|-unboost|p2a: Victini|spd|1
|
|upkeep
|turn|18

|inactive|Refinery1 has 15 seconds left this turn.
|inactive|LoogiBaloogi has 15 seconds left this turn.

|
|switch|p2a: Lando|Landorus-Therian, M, shiny|100/100
|-ability|p2a: Lando|Intimidate|boost
|-unboost|p1a: Garchomp|atk|1
|move|p1a: Garchomp|Dragon Claw|p2a: Lando
|-damage|p2a: Lando|67/100
|
|upkeep
|turn|19

|inactive|Refinery1 has 15 seconds left this turn.
|inactive|LoogiBaloogi has 15 seconds left this turn.

|
|switch|p1a: Sableye|Sableye-Mega, M, shiny|53/100
|move|p2a: Lando|Earthquake|p1a: Sableye
|-damage|p1a: Sableye|0 fnt
|faint|p1a: Sableye
|
|upkeep

|inactive|Refinery1 has 15 seconds left this turn.
|inactive|LoogiBaloogi has 15 seconds left this turn.

|
|switch|p1a: Ninetales|Ninetales-Alola, F, shiny|100/100
|-weather|Hail|[from] ability: Snow Warning|[of] p1a: Ninetales
|turn|20

|inactive|Refinery1 has 15 seconds left this turn.
|inactive|LoogiBaloogi has 15 seconds left this turn.

|
|move|p2a: Lando|Earthquake|p1a: Ninetales
|-damage|p1a: Ninetales|15/100
|move|p1a: Ninetales|Blizzard|p2a: Lando
|-supereffective|p2a: Lando
|-damage|p2a: Lando|0 fnt
|faint|p2a: Lando
|
|-weather|Hail|[upkeep]
|upkeep

|inactive|Refinery1 has 15 seconds left this turn.
|inactive|LoogiBaloogi has 15 seconds left this turn.

|
|switch|p2a: Victini|Victini|28/100
|turn|21

|inactive|Refinery1 has 15 seconds left this turn.
|inactive|LoogiBaloogi has 15 seconds left this turn.

|
|switch|p1a: Garchomp|Garchomp, F|38/100
|move|p2a: Victini|V-create|p1a: Garchomp
|-resisted|p1a: Garchomp
|-damage|p1a: Garchomp|0 fnt
|-damage|p2a: Victini|16/100|[from] ability: Rough Skin|[of] p1a: Garchomp
|-unboost|p2a: Victini|spe|1
|-unboost|p2a: Victini|def|1
|-unboost|p2a: Victini|spd|1
|faint|p1a: Garchomp
|
|-weather|Hail|[upkeep]
|-damage|p2a: Victini|10/100|[from] Hail
|upkeep

|inactive|Refinery1 has 15 seconds left this turn.
|inactive|LoogiBaloogi has 15 seconds left this turn.

|
|switch|p1a: Ninetales|Ninetales-Alola, F, shiny|15/100
|turn|22

|inactive|Refinery1 has 15 seconds left this turn.
|inactive|LoogiBaloogi has 15 seconds left this turn.

|
|switch|p2a: Kommo-o|Kommo-o, M|100/100
|move|p1a: Ninetales|Blizzard|p2a: Kommo-o
|-supereffective|p2a: Kommo-o
|-damage|p2a: Kommo-o|4/100
|
|-weather|Hail|[upkeep]
|-damage|p2a: Kommo-o|0 fnt|[from] Hail
|faint|p2a: Kommo-o
|upkeep

|inactive|Refinery1 has 15 seconds left this turn.
|inactive|LoogiBaloogi has 15 seconds left this turn.

|
|switch|p2a: Victini|Victini|10/100
|turn|23

|inactive|Refinery1 has 15 seconds left this turn.
|inactive|LoogiBaloogi has 15 seconds left this turn.

|
|move|p1a: Ninetales|Blizzard|p2a: Victini
|-resisted|p2a: Victini
|-damage|p2a: Victini|0 fnt
|faint|p2a: Victini
|
|win|Refinery1