|init|battle
|title|CleanRed xD vs. Achille72
|j|☆CleanRed xD
|j|☆Achille72
|player|p1|CleanRed xD|163|1065
|player|p2|Achille72|224|1040
|teamsize|p1|6
|teamsize|p2|6
|gametype|singles
|gen|7
|tier|[Gen 7] OU
|rated|
|rule|Sleep Clause Mod: Limit one foe put to sleep
|rule|Species Clause: Limit one of each Pokémon
|rule|OHKO Clause: OHKO moves are banned
|rule|Moody Clause: Moody is banned
|rule|Evasion Moves Clause: Evasion moves are banned
|rule|Endless Battle Clause: Forcing endless battles is banned
|rule|HP Percentage Mod: HP is shown in percentages
|clearpoke
|poke|p1|Espeon, M|item
|poke|p1|Snorlax, M|item
|poke|p1|Blastoise, M|item
|poke|p1|Venusaur, M|item
|poke|p1|Charizard, M|item
|poke|p1|Pikachu, M|item
|poke|p2|Houndoom, M|item
|poke|p2|Venusaur, F|item
|poke|p2|Salamence, M|item
|poke|p2|Cloyster, M|item
|poke|p2|Gliscor, F|item
|poke|p2|Chansey, F|item
|teampreview
|
|start
|switch|p1a: Charizard|Charizard, M|100/100
|switch|p2a: Gliscor|Gliscor, F|100/100
|turn|1
|
|move|p1a: Charizard|Dragon Dance|p1a: Charizard
|-boost|p1a: Charizard|atk|1
|-boost|p1a: Charizard|spe|1
|move|p2a: Gliscor|Stealth Rock|p1a: Charizard
|-sidestart|p1: CleanRed xD|move: Stealth Rock
|
|-status|p2a: Gliscor|tox|[from] item: Toxic Orb
|upkeep
|turn|2
|
|switch|p2a: Houndoom|Houndoom, M|100/100
|move|p1a: Charizard|Dragon Dance|p1a: Charizard
|-boost|p1a: Charizard|atk|1
|-boost|p1a: Charizard|spe|1
|
|upkeep
|turn|3
|
|detailschange|p1a: Charizard|Charizard-Mega-X, M
|-mega|p1a: Charizard|Charizard|Charizardite X
|move|p1a: Charizard|Dragon Claw|p2a: Houndoom
|-damage|p2a: Houndoom|0 fnt
|faint|p2a: Houndoom
|
|upkeep

|
|switch|p2a: Cloyster|Cloyster, M, shiny|100/100
|turn|4

|
|move|p1a: Charizard|Thunder Punch|p2a: Cloyster
|-supereffective|p2a: Cloyster
|-damage|p2a: Cloyster|10/100
|move|p2a: Cloyster|Icicle Crash|p1a: Charizard
|-damage|p1a: Charizard|70/100
|
|-heal|p2a: Cloyster|17/100|[from] item: Leftovers
|upkeep
|turn|5

|
|switch|p2a: Gliscor|Gliscor, F|100/100 tox
|move|p1a: Charizard|Thunder Punch|p2a: Gliscor
|-immune|p2a: Gliscor
|
|upkeep
|turn|6

|
|move|p1a: Charizard|Dragon Claw|p2a: Gliscor
|-damage|p2a: Gliscor|16/100 tox
|move|p2a: Gliscor|Earthquake|p1a: Charizard
|-supereffective|p1a: Charizard
|-damage|p1a: Charizard|0 fnt
|faint|p1a: Charizard
|
|-heal|p2a: Gliscor|29/100 tox|[from] ability: Poison Heal
|upkeep

|
|switch|p1a: Blastoise|Blastoise, M|100/100
|-damage|p1a: Blastoise|88/100|[from] Stealth Rock
|turn|7

|
|switch|p2a: Venusaur|Venusaur, F|100/100
|move|p1a: Blastoise|Ice Punch|p2a: Venusaur
|-supereffective|p2a: Venusaur
|-damage|p2a: Venusaur|60/100
|-damage|p1a: Blastoise|78/100|[from] item: Life Orb
|
|upkeep
|turn|8

|
|move|p1a: Blastoise|Fake Out||[still]
|-fail|p1a: Blastoise
|-hint|Fake Out only works on your first turn out.
|move|p2a: Venusaur|Giga Drain|p1a: Blastoise
|-supereffective|p1a: Blastoise
|-damage|p1a: Blastoise|20/100
|-heal|p2a: Venusaur|84/100|[from] drain|[of] p1a: Blastoise
|
|upkeep
|turn|9

|-message|CleanRed xD forfeited.

|
|win|Achille72