|init|battle
|title|Frabie vs. Saiyajin Kakaroto
|j|☆Frabie
|j|☆Saiyajin Kakaroto
|player|p1|Frabie|264|1098
|player|p2|Saiyajin Kakaroto|240|1127
|teamsize|p1|6
|teamsize|p2|6
|gametype|singles
|gen|7
|tier|[Gen 7] OU
|rated|
|rule|Sleep Clause Mod: Limit one foe put to sleep
|rule|Species Clause: Limit one of each Pokémon
|rule|OHKO Clause: OHKO moves are banned
|rule|Moody Clause: Moody is banned
|rule|Evasion Moves Clause: Evasion moves are banned
|rule|Endless Battle Clause: Forcing endless battles is banned
|rule|HP Percentage Mod: HP is shown in percentages
|clearpoke
|poke|p1|Zeraora|item
|poke|p1|Chandelure, M|item
|poke|p1|Greninja, M|item
|poke|p1|Gliscor, M|item
|poke|p1|Umbreon, M|item
|poke|p1|Victini|item
|poke|p2|Landorus-Therian, M|item
|poke|p2|Ferrothorn, F|item
|poke|p2|Chansey, F|item
|poke|p2|Gyarados, M|item
|poke|p2|Heatran, M|item
|poke|p2|Greninja, F|item
|teampreview
|
|start
|switch|p1a: Victini|Victini|100/100
|switch|p2a: Heatran|Heatran, M|100/100
|turn|1

|
|move|p1a: Victini|U-turn|p2a: Heatran
|-resisted|p2a: Heatran
|-damage|p2a: Heatran|97/100

|
|switch|p1a: Gliscor|Gliscor, M, shiny|100/100|[from]move: U-turn
|move|p2a: Heatran|Flash Cannon|p1a: Gliscor
|-damage|p1a: Gliscor|41/100
|-unboost|p1a: Gliscor|spd|1
|
|-heal|p2a: Heatran|100/100|[from] item: Leftovers
|-status|p1a: Gliscor|tox|[from] item: Toxic Orb
|upkeep
|turn|2

|
|move|p1a: Gliscor|Facade|p2a: Heatran
|-resisted|p2a: Heatran
|-damage|p2a: Heatran|83/100
|move|p2a: Heatran|Flash Cannon|p1a: Gliscor
|-damage|p1a: Gliscor|0 fnt
|faint|p1a: Gliscor
|
|-heal|p2a: Heatran|90/100|[from] item: Leftovers
|upkeep

|
|switch|p1a: Greninja|Greninja, M|100/100
|turn|3

|
|switch|p2a: Chansey|Chansey, F|100/100
|move|p1a: Greninja|Ice Beam|p2a: Chansey
|-damage|p2a: Chansey|92/100
|
|upkeep
|turn|4

|
|switch|p1a: Zeraora|Zeraora|100/100
|move|p2a: Chansey|Toxic|p1a: Zeraora
|-status|p1a: Zeraora|tox
|
|-damage|p1a: Zeraora|95/100 tox|[from] psn
|upkeep
|turn|5

|
|switch|p2a: Landorus|Landorus-Therian, M|100/100
|-ability|p2a: Landorus|Intimidate|boost
|-unboost|p1a: Zeraora|atk|1
|move|p1a: Zeraora|Hidden Power|p2a: Landorus
|-supereffective|p2a: Landorus
|-damage|p2a: Landorus|15/100
|-damage|p1a: Zeraora|85/100 tox|[from] item: Life Orb
|
|-damage|p1a: Zeraora|73/100 tox|[from] psn
|upkeep
|turn|6

|
|move|p1a: Zeraora|Hidden Power|p2a: Landorus
|-supereffective|p2a: Landorus
|-damage|p2a: Landorus|0 fnt
|-damage|p1a: Zeraora|63/100 tox|[from] item: Life Orb
|faint|p2a: Landorus
|
|-damage|p1a: Zeraora|45/100 tox|[from] psn
|upkeep

|
|switch|p2a: Gyarados|Gyarados, M|100/100
|-ability|p2a: Gyarados|Intimidate|boost
|-unboost|p1a: Zeraora|atk|1
|turn|7

|
|detailschange|p2a: Gyarados|Gyarados-Mega, M
|-mega|p2a: Gyarados|Gyarados|Gyaradosite
|-ability|p2a: Gyarados|Mold Breaker
|move|p1a: Zeraora|Plasma Fists|p2a: Gyarados
|-supereffective|p2a: Gyarados
|-damage|p2a: Gyarados|52/100
|-fieldactivate|move: Ion Deluge
|-damage|p1a: Zeraora|35/100 tox|[from] item: Life Orb
|move|p2a: Gyarados|Dragon Dance|p2a: Gyarados
|-boost|p2a: Gyarados|atk|1
|-boost|p2a: Gyarados|spe|1
|
|-damage|p1a: Zeraora|11/100 tox|[from] psn
|upkeep
|turn|8

|
|move|p1a: Zeraora|Plasma Fists|p2a: Gyarados
|-supereffective|p2a: Gyarados
|-damage|p2a: Gyarados|6/100
|-fieldactivate|move: Ion Deluge
|-damage|p1a: Zeraora|1/100 tox|[from] item: Life Orb
|move|p2a: Gyarados|Dragon Dance|p2a: Gyarados
|-boost|p2a: Gyarados|atk|1
|-boost|p2a: Gyarados|spe|1
|
|-damage|p1a: Zeraora|0 fnt|[from] psn
|faint|p1a: Zeraora
|upkeep

|
|switch|p1a: Greninja|Greninja, M|100/100
|turn|9

|inactive|Battle timer is ON: inactive players will automatically lose when time's up. (requested by Saiyajin Kakaroto)

|
|move|p1a: Greninja|Water Shuriken|p2a: Gyarados
|-resisted|p2a: Gyarados
|-damage|p2a: Gyarados|4/100
|-resisted|p2a: Gyarados
|-damage|p2a: Gyarados|2/100
|-hitcount|p2a: Gyarados|2
|move|p2a: Gyarados|Earthquake|p1a: Greninja
|-damage|p1a: Greninja|0 fnt
|faint|p1a: Greninja
|
|upkeep

|
|switch|p1a: Umbreon|Umbreon, M, shiny|100/100
|turn|10

|inactive|Saiyajin Kakaroto has 120 seconds left.

|
|move|p1a: Umbreon|Protect|p1a: Umbreon
|-singleturn|p1a: Umbreon|Protect
|move|p2a: Gyarados|Waterfall|p1a: Umbreon
|-activate|p1a: Umbreon|move: Protect
|
|upkeep
|turn|11

|inactive|Saiyajin Kakaroto has 120 seconds left.

|
|move|p2a: Gyarados|Waterfall|p1a: Umbreon
|-damage|p1a: Umbreon|32/100
|move|p1a: Umbreon|Pursuit|p2a: Gyarados
|-resisted|p2a: Gyarados
|-damage|p2a: Gyarados|0 fnt
|faint|p2a: Gyarados
|
|-heal|p1a: Umbreon|39/100|[from] item: Leftovers
|upkeep

|inactive|Saiyajin Kakaroto has 120 seconds left.

|
|switch|p2a: Ferrothorn|Ferrothorn, F|100/100
|turn|12

|
|move|p1a: Umbreon|Protect|p1a: Umbreon
|-singleturn|p1a: Umbreon|Protect
|move|p2a: Ferrothorn|Leech Seed|p1a: Umbreon
|-activate|p1a: Umbreon|move: Protect
|
|-heal|p1a: Umbreon|45/100|[from] item: Leftovers
|upkeep
|turn|13

|
|switch|p1a: Chandelure|Chandelure, M|100/100
|move|p2a: Ferrothorn|Stealth Rock|p1a: Chandelure
|-sidestart|p1: Frabie|move: Stealth Rock
|
|upkeep
|turn|14

|
|move|p1a: Chandelure|Flamethrower|p2a: Ferrothorn
|-supereffective|p2a: Ferrothorn
|-damage|p2a: Ferrothorn|0 fnt
|faint|p2a: Ferrothorn
|
|upkeep

|
|switch|p2a: Heatran|Heatran, M|90/100
|turn|15

|l|☆Frabie

|inactive|Frabie disconnected and has a minute to reconnect!

|player|p1|

|inactive|Frabie has 30 seconds to reconnect!

|inactive|Frabie has 20 seconds to reconnect!

|inactive|Frabie has 15 seconds to reconnect!

|inactive|Frabie has 10 seconds to reconnect!

|inactive|Frabie has 5 seconds to reconnect!

|-message|Frabie lost due to inactivity.
|
|win|Saiyajin Kakaroto