|init|battle
|title|chieflazarus vs. renshen
|j|☆chieflazarus
|j|☆renshen
|player|p1|chieflazarus|191|1373
|player|p2|renshen|205|1377
|teamsize|p1|6
|teamsize|p2|6
|gametype|singles
|gen|7
|tier|[Gen 7] OU
|rated|
|rule|Sleep Clause Mod: Limit one foe put to sleep
|rule|Species Clause: Limit one of each Pokémon
|rule|OHKO Clause: OHKO moves are banned
|rule|Moody Clause: Moody is banned
|rule|Evasion Moves Clause: Evasion moves are banned
|rule|Endless Battle Clause: Forcing endless battles is banned
|rule|HP Percentage Mod: HP is shown in percentages
|clearpoke
|poke|p1|Landorus-Therian, M|item
|poke|p1|Pinsir, M|item
|poke|p1|Tapu Koko|item
|poke|p1|Excadrill, F|item
|poke|p1|Manaphy|item
|poke|p1|Gyarados, F|item
|poke|p2|Jirachi|item
|poke|p2|Landorus-Therian, M|item
|poke|p2|Krookodile, M|item
|poke|p2|Tapu Lele|item
|poke|p2|Celesteela|item
|poke|p2|Banette, F|item
|teampreview
|inactive|Battle timer is ON: inactive players will automatically lose when time's up. (requested by chieflazarus)
|
|start
|switch|p1a: Landorus|Landorus-Therian, M|100/100
|switch|p2a: Tapu Lele|Tapu Lele|100/100
|-fieldstart|move: Psychic Terrain|[from] ability: Psychic Surge|[of] p2a: Tapu Lele
|-ability|p1a: Landorus|Intimidate|boost
|-unboost|p2a: Tapu Lele|atk|1
|turn|1
|
|move|p2a: Tapu Lele|Psychic|p1a: Landorus
|-damage|p1a: Landorus|2/100
|move|p1a: Landorus|U-turn|p2a: Tapu Lele
|-damage|p2a: Tapu Lele|60/100
|
|switch|p1a: Excadrill|Excadrill, F|100/100|[from]move: U-turn
|-ability|p1a: Excadrill|Mold Breaker
|
|upkeep
|turn|2

|
|switch|p1a: Tapu Koko|Tapu Koko|100/100
|-fieldstart|move: Electric Terrain|[from] ability: Electric Surge|[of] p1a: Tapu Koko
|move|p2a: Tapu Lele|Psychic|p1a: Tapu Koko
|-damage|p1a: Tapu Koko|40/100
|
|upkeep
|turn|3

|
|switch|p1a: Landorus|Landorus-Therian, M|2/100
|-ability|p1a: Landorus|Intimidate|boost
|-unboost|p2a: Tapu Lele|atk|1
|move|p2a: Tapu Lele|Psychic|p1a: Landorus
|-damage|p1a: Landorus|0 fnt
|faint|p1a: Landorus
|
|upkeep

|
|switch|p1a: Excadrill|Excadrill, F|100/100
|-ability|p1a: Excadrill|Mold Breaker
|turn|4

|
|move|p2a: Tapu Lele|Psychic|p1a: Excadrill
|-resisted|p1a: Excadrill
|-damage|p1a: Excadrill|71/100
|move|p1a: Excadrill|Iron Head|p2a: Tapu Lele
|-supereffective|p2a: Tapu Lele
|-crit|p2a: Tapu Lele
|-damage|p2a: Tapu Lele|0 fnt
|faint|p2a: Tapu Lele
|
|upkeep

|
|switch|p2a: Landorus|Landorus-Therian, M|100/100
|-ability|p2a: Landorus|Intimidate|boost
|-unboost|p1a: Excadrill|atk|1
|turn|5

|
|move|p1a: Excadrill|Iron Head|p2a: Landorus
|-damage|p2a: Landorus|64/100
|move|p2a: Landorus|Swords Dance|p2a: Landorus
|-boost|p2a: Landorus|atk|2
|
|upkeep
|turn|6

|
|move|p1a: Excadrill|Iron Head|p2a: Landorus
|-damage|p2a: Landorus|30/100
|move|p2a: Landorus|Earthquake|p1a: Excadrill
|-supereffective|p1a: Excadrill
|-damage|p1a: Excadrill|0 fnt
|faint|p1a: Excadrill
|
|-fieldend|move: Electric Terrain
|upkeep

|inactive|chieflazarus has 120 seconds left.

|
|switch|p1a: Pinsir|Pinsir, M|100/100
|turn|7

|
|detailschange|p1a: Pinsir|Pinsir-Mega, M
|-mega|p1a: Pinsir|Pinsir|Pinsirite
|move|p1a: Pinsir|Frustration|p2a: Landorus
|-damage|p2a: Landorus|0 fnt
|faint|p2a: Landorus
|
|upkeep

|
|switch|p2a: Krookodile|Krookodile, M|100/100
|turn|8

|
|move|p2a: Krookodile|Stone Edge|p1a: Pinsir
|-supereffective|p1a: Pinsir
|-damage|p1a: Pinsir|0 fnt
|faint|p1a: Pinsir
|-ability|p2a: Krookodile|Moxie|boost
|-boost|p2a: Krookodile|atk|1
|
|upkeep

|
|switch|p1a: Manaphy|Manaphy|100/100
|turn|9

|
|move|p2a: Krookodile|Stone Edge|p1a: Manaphy
|-crit|p1a: Manaphy
|-damage|p1a: Manaphy|26/100
|move|p1a: Manaphy|Tail Glow|p1a: Manaphy
|-boost|p1a: Manaphy|spa|3
|
|-heal|p1a: Manaphy|32/100|[from] item: Leftovers
|upkeep
|turn|10

|-message|chieflazarus forfeited.

|
|win|renshen