|init|battle
|title|N uhu vs. Sayourss
|j|☆N uhu
|j|☆Sayourss
|player|p1|N uhu|209|1073
|player|p2|Sayourss|267|1040
|teamsize|p1|6
|teamsize|p2|6
|gametype|singles
|gen|7
|tier|[Gen 7] UU
|rated|
|html|<div class="broadcast-blue"><strong>UU is currently suspecting Drizzle and Drought! For information on how to participate check out the <a href="https://www.smogon.com/forums/threads/3653094/">suspect thread</a>.</strong></div>
|rule|Sleep Clause Mod: Limit one foe put to sleep
|rule|Species Clause: Limit one of each Pokémon
|rule|OHKO Clause: OHKO moves are banned
|rule|Moody Clause: Moody is banned
|rule|Evasion Moves Clause: Evasion moves are banned
|rule|Endless Battle Clause: Forcing endless battles is banned
|rule|HP Percentage Mod: HP is shown in percentages
|clearpoke
|poke|p1|Whimsicott, M|item
|poke|p1|Mimikyu, F|item
|poke|p1|Krookodile, F|item
|poke|p1|Ampharos, F|item
|poke|p1|Cobalion|item
|poke|p1|Tentacruel, F|item
|poke|p2|Primarina, F|item
|poke|p2|Blissey, F|item
|poke|p2|Hydreigon, M|item
|poke|p2|Togekiss, F|item
|poke|p2|Steelix, F|item
|poke|p2|Infernape, M|item
|teampreview
|inactive|Battle timer is ON: inactive players will automatically lose when time's up. (requested by N uhu)
|
|start
|switch|p1a: Miami|Krookodile, F|100/100
|switch|p2a: Togekiss|Togekiss, F, shiny|100/100
|-ability|p1a: Miami|Intimidate|boost
|-unboost|p2a: Togekiss|atk|1
|turn|1

|
|move|p1a: Miami|Stealth Rock|p2a: Togekiss
|-sidestart|p2: Sayourss|move: Stealth Rock
|move|p2a: Togekiss|Air Slash|p1a: Miami
|-damage|p1a: Miami|56/100
|-enditem|p1a: Miami|Red Card|[of] p2a: Togekiss
|drag|p2a: Infernape|Infernape, M, shiny|100/100
|-damage|p2a: Infernape|88/100|[from] Stealth Rock
|
|upkeep
|turn|2

|
|move|p2a: Infernape|Close Combat|p1a: Miami
|-supereffective|p1a: Miami
|-damage|p1a: Miami|0 fnt
|-unboost|p2a: Infernape|def|1
|-unboost|p2a: Infernape|spd|1
|faint|p1a: Miami
|
|upkeep

|
|switch|p1a: Sad no pleas|Mimikyu, F|100/100
|turn|3

|
|switch|p2a: Togekiss|Togekiss, F, shiny|100/100
|-damage|p2a: Togekiss|76/100|[from] Stealth Rock
|move|p1a: Sad no pleas|Swords Dance|p1a: Sad no pleas
|-boost|p1a: Sad no pleas|atk|2
|
|-heal|p2a: Togekiss|82/100|[from] item: Leftovers
|upkeep
|turn|4

|
|move|p1a: Sad no pleas|Shadow Claw|p2a: Togekiss
|-damage|p2a: Togekiss|18/100
|move|p2a: Togekiss|Nasty Plot|p2a: Togekiss
|-boost|p2a: Togekiss|spa|2
|
|-heal|p2a: Togekiss|24/100|[from] item: Leftovers
|upkeep
|turn|5

|
|move|p1a: Sad no pleas|Shadow Claw|p2a: Togekiss
|-crit|p2a: Togekiss
|-damage|p2a: Togekiss|0 fnt
|faint|p2a: Togekiss
|
|upkeep

|
|switch|p2a: Hydreigon|Hydreigon, M, shiny|100/100
|-damage|p2a: Hydreigon|88/100|[from] Stealth Rock
|turn|6

|
|move|p2a: Hydreigon|Dark Pulse|p1a: Sad no pleas
|-activate|p1a: Sad no pleas|ability: Disguise
|-damage|p1a: Sad no pleas|100/100
|detailschange|p1a: Sad no pleas|Mimikyu-Busted, F
|-enditem|p1a: Sad no pleas|Red Card|[of] p2a: Hydreigon
|drag|p2a: Steelix|Steelix, F, shiny|100/100
|-damage|p2a: Steelix|97/100|[from] Stealth Rock
|move|p1a: Sad no pleas|Play Rough|p2a: Steelix
|-resisted|p2a: Steelix
|-damage|p2a: Steelix|77/100
|
|upkeep
|turn|7

|
|detailschange|p2a: Steelix|Steelix-Mega, F, shiny
|-mega|p2a: Steelix|Steelix|Steelixite
|move|p1a: Sad no pleas|Shadow Claw|p2a: Steelix
|-damage|p2a: Steelix|51/100
|move|p2a: Steelix|Earthquake|p1a: Sad no pleas
|-damage|p1a: Sad no pleas|19/100
|
|upkeep
|turn|8

|
|move|p1a: Sad no pleas|Shadow Claw|p2a: Steelix
|-crit|p2a: Steelix
|-damage|p2a: Steelix|7/100
|move|p2a: Steelix|Stealth Rock|p1a: Sad no pleas
|-sidestart|p1: N uhu|move: Stealth Rock
|
|upkeep
|turn|9

|
|move|p1a: Sad no pleas|Shadow Sneak|p2a: Steelix
|-damage|p2a: Steelix|0 fnt
|faint|p2a: Steelix
|
|upkeep

|
|switch|p2a: Infernape|Infernape, M, shiny|88/100
|-damage|p2a: Infernape|76/100|[from] Stealth Rock
|turn|10

|inactive|N uhu has 120 seconds left.

|
|move|p2a: Infernape|Close Combat|p1a: Sad no pleas
|-immune|p1a: Sad no pleas
|move|p1a: Sad no pleas|Play Rough|p2a: Infernape
|-damage|p2a: Infernape|0 fnt
|faint|p2a: Infernape
|
|upkeep

|
|switch|p2a: Primarina|Primarina, F, shiny|100/100
|-damage|p2a: Primarina|88/100|[from] Stealth Rock
|turn|11

|
|move|p1a: Sad no pleas|Shadow Claw|p2a: Primarina
|-damage|p2a: Primarina|7/100
|move|p2a: Primarina|Moonblast|p1a: Sad no pleas
|-damage|p1a: Sad no pleas|0 fnt
|faint|p1a: Sad no pleas
|
|upkeep

|
|switch|p1a: Ma queu|Ampharos, F|100/100
|-damage|p1a: Ma queu|88/100|[from] Stealth Rock
|turn|12

|
|detailschange|p1a: Ma queu|Ampharos-Mega, F
|-mega|p1a: Ma queu|Ampharos|Ampharosite
|-ability|p1a: Ma queu|Mold Breaker
|move|p2a: Primarina|Moonblast|p1a: Ma queu
|-supereffective|p1a: Ma queu
|-damage|p1a: Ma queu|0 fnt
|faint|p1a: Ma queu
|
|upkeep

|c|☆Sayourss|oof

|inactive|N uhu has 120 seconds left.

|inactive|N uhu has 90 seconds left.

|inactive|N uhu has 60 seconds left.

|inactive|N uhu has 30 seconds left.

|inactive|N uhu has 20 seconds left.

|inactive|N uhu has 15 seconds left.

|inactive|N uhu has 10 seconds left.

|inactive|N uhu has 5 seconds left.

|-message|N uhu lost due to inactivity.
|
|win|Sayourss