|init|battle
|title|thekingbin vs. realyhopethisworks
|j|☆thekingbin
|j|☆realyhopethisworks
|player|p1|thekingbin|266|1347
|player|p2|realyhopethisworks|42|1361
|teamsize|p1|6
|teamsize|p2|6
|gametype|singles
|gen|7
|tier|[Gen 7] Ubers
|rated|
|rule|Sleep Clause Mod: Limit one foe put to sleep
|rule|Species Clause: Limit one of each Pokémon
|rule|OHKO Clause: OHKO moves are banned
|rule|Moody Clause: Moody is banned
|rule|Evasion Moves Clause: Evasion moves are banned
|rule|Endless Battle Clause: Forcing endless battles is banned
|rule|HP Percentage Mod: HP is shown in percentages
|clearpoke
|poke|p1|Salamence, F|item
|poke|p1|Marshadow|item
|poke|p1|Arceus-*|item
|poke|p1|Zygarde|item
|poke|p1|Deoxys-Speed|item
|poke|p1|Excadrill, F|item
|poke|p2|Groudon|item
|poke|p2|Necrozma-Dusk-Mane|item
|poke|p2|Arceus-*|item
|poke|p2|Pheromosa|item
|poke|p2|Kyogre|item
|poke|p2|Salamence, F|item
|rule|Mega Rayquaza Clause: You cannot mega evolve Rayquaza
|teampreview
|inactive|Battle timer is ON: inactive players will automatically lose when time's up. (requested by thekingbin)
|
|start
|switch|p1a: Deoxys|Deoxys-Speed|100/100
|switch|p2a: Arceus|Arceus-Electric|100/100
|-ability|p1a: Deoxys|Pressure
|turn|1
|
|move|p1a: Deoxys|Taunt|p2a: Arceus
|-start|p2a: Arceus|move: Taunt
|move|p2a: Arceus|Judgment|p1a: Deoxys
|-damage|p1a: Deoxys|25/100
|
|upkeep
|turn|2
|
|move|p2a: Arceus|Extreme Speed|p1a: Deoxys
|-damage|p1a: Deoxys|0 fnt
|-damage|p2a: Arceus|84/100|[from] item: Rocky Helmet|[of] p1a: Deoxys
|faint|p1a: Deoxys
|
|upkeep

|
|switch|p1a: Zygarde|Zygarde|100/100
|turn|3

|
|switch|p2a: Salamence|Salamence, F|100/100
|-ability|p2a: Salamence|Intimidate|boost
|-unboost|p1a: Zygarde|atk|1
|move|p1a: Zygarde|Dragon Dance|p1a: Zygarde
|-boost|p1a: Zygarde|atk|1
|-boost|p1a: Zygarde|spe|1
|
|upkeep
|turn|4

|
|detailschange|p2a: Salamence|Salamence-Mega, F
|-mega|p2a: Salamence|Salamence|Salamencite
|move|p1a: Zygarde|Thousand Arrows|p2a: Salamence
|-damage|p2a: Salamence|67/100
|-start|p2a: Salamence|Smack Down
|move|p2a: Salamence|Dragon Dance|p2a: Salamence
|-boost|p2a: Salamence|atk|1
|-boost|p2a: Salamence|spe|1
|
|upkeep
|turn|5

|
|move|p2a: Salamence|Outrage|p1a: Zygarde
|-supereffective|p1a: Zygarde
|-damage|p1a: Zygarde|0 fnt
|faint|p1a: Zygarde
|
|upkeep

|
|switch|p1a: Excadrill|Excadrill, F|100/100
|-ability|p1a: Excadrill|Mold Breaker
|turn|6

|
|move|p2a: Salamence|Outrage|p1a: Excadrill|[from]lockedmove
|-resisted|p1a: Excadrill
|-damage|p1a: Excadrill|23/100
|move|p1a: Excadrill|Rock Tomb|p2a: Salamence|[miss]
|-miss|p1a: Excadrill|p2a: Salamence
|
|upkeep
|turn|7

|
|move|p2a: Salamence|Outrage|p1a: Excadrill|[from]lockedmove
|-resisted|p1a: Excadrill
|-damage|p1a: Excadrill|0 fnt
|-start|p2a: Salamence|confusion|[fatigue]
|faint|p1a: Excadrill
|
|upkeep

|
|switch|p1a: Marshadow|Marshadow|100/100
|turn|8

|
|-activate|p2a: Salamence|confusion
|move|p2a: Salamence|Double-Edge|p1a: Marshadow
|-supereffective|p1a: Marshadow
|-damage|p1a: Marshadow|0 fnt
|-damage|p2a: Salamence|35/100|[from] Recoil
|faint|p1a: Marshadow
|
|upkeep

|-message|thekingbin forfeited.

|
|win|realyhopethisworks