|init|battle
|title|h90h90h90 vs. thehaotravinh
|j|☆h90h90h90
|j|☆thehaotravinh
|player|p1|h90h90h90|261|1123
|player|p2|thehaotravinh|101|1051
|teamsize|p1|6
|teamsize|p2|6
|gametype|singles
|gen|7
|tier|[Gen 7] Ubers
|rated|
|rule|Sleep Clause Mod: Limit one foe put to sleep
|rule|Species Clause: Limit one of each Pokémon
|rule|OHKO Clause: OHKO moves are banned
|rule|Moody Clause: Moody is banned
|rule|Evasion Moves Clause: Evasion moves are banned
|rule|Endless Battle Clause: Forcing endless battles is banned
|rule|HP Percentage Mod: HP is shown in percentages
|clearpoke
|poke|p1|Smeargle, F|item
|poke|p1|Arceus-*|item
|poke|p1|Groudon|item
|poke|p1|Xerneas|item
|poke|p1|Giratina-Origin|item
|poke|p1|Lugia|item
|poke|p2|Arceus-*|item
|poke|p2|Necrozma-Dawn-Wings|item
|poke|p2|Landorus-Therian, M|item
|poke|p2|Gengar, F|item
|poke|p2|Aegislash, M|item
|poke|p2|Blaziken, F|item
|rule|Mega Rayquaza Clause: You cannot mega evolve Rayquaza
|teampreview
|
|start
|switch|p1a: Groudon|Groudon|100/100
|switch|p2a: Blaziken|Blaziken, F|100/100
|detailschange|p1a: Groudon|Groudon-Primal
|-primal|p1a: Groudon
|-weather|DesolateLand|[from] ability: Desolate Land|[of] p1a: Groudon
|turn|1
|
|move|p1a: Groudon|Precipice Blades|p2a: Blaziken|[miss]
|-miss|p1a: Groudon|p2a: Blaziken
|move|p2a: Blaziken|Earthquake|p1a: Groudon
|-supereffective|p1a: Groudon
|-damage|p1a: Groudon|36/100
|
|-weather|DesolateLand|[upkeep]
|upkeep
|turn|2
|
|move|p1a: Groudon|Precipice Blades|p2a: Blaziken|[miss]
|-miss|p1a: Groudon|p2a: Blaziken
|move|p2a: Blaziken|Earthquake|p1a: Groudon
|-supereffective|p1a: Groudon
|-damage|p1a: Groudon|0 fnt
|faint|p1a: Groudon
|-weather|none
|
|upkeep
|
|switch|p1a: Smeargle|Smeargle, F|100/100
|turn|3

|
|move|p2a: Blaziken|Earthquake|p1a: Smeargle
|-enditem|p1a: Smeargle|Focus Sash
|-damage|p1a: Smeargle|1/100
|move|p1a: Smeargle|Nuzzle|p2a: Blaziken
|-damage|p2a: Blaziken|98/100
|-status|p2a: Blaziken|par
|
|upkeep
|turn|4

|
|move|p1a: Smeargle|Sticky Web|p2a: Blaziken
|-sidestart|p2: thehaotravinh|move: Sticky Web
|move|p2a: Blaziken|Earthquake|p1a: Smeargle
|-damage|p1a: Smeargle|0 fnt
|faint|p1a: Smeargle
|
|upkeep

|
|switch|p1a: Xerneas|Xerneas|100/100
|-ability|p1a: Xerneas|Fairy Aura
|turn|5

|
|move|p1a: Xerneas|Geomancy||[still]
|-prepare|p1a: Xerneas|Geomancy|p1a: Xerneas
|-enditem|p1a: Xerneas|Power Herb
|-anim|p1a: Xerneas|Geomancy|p1a: Xerneas
|-boost|p1a: Xerneas|spa|2
|-boost|p1a: Xerneas|spd|2
|-boost|p1a: Xerneas|spe|2
|cant|p2a: Blaziken|par
|
|upkeep
|turn|6

|
|move|p1a: Xerneas|Moonblast|p2a: Blaziken
|-damage|p2a: Blaziken|0 fnt
|faint|p2a: Blaziken
|
|upkeep

|
|switch|p2a: Necrozma-Dawn-Wing|Necrozma-Dawn-Wings|100/100
|-activate|p2a: Necrozma-Dawn-Wing|move: Sticky Web
|-unboost|p2a: Necrozma-Dawn-Wing|spe|1
|turn|7

|
|detailschange|p2a: Necrozma-Dawn-Wing|Necrozma-Ultra
|-burst|p2a: Necrozma-Dawn-Wing|Necrozma|Ultranecrozium Z
|move|p1a: Xerneas|Moonblast|p2a: Necrozma-Dawn-Wing
|-supereffective|p2a: Necrozma-Dawn-Wing
|-damage|p2a: Necrozma-Dawn-Wing|0 fnt
|faint|p2a: Necrozma-Dawn-Wing
|
|upkeep

|
|switch|p2a: Gengar|Gengar, F|100/100
|-activate|p2a: Gengar|move: Sticky Web
|-unboost|p2a: Gengar|spe|1
|turn|8

|
|detailschange|p2a: Gengar|Gengar-Mega, F
|-mega|p2a: Gengar|Gengar|Gengarite
|move|p1a: Xerneas|Moonblast|p2a: Gengar
|-resisted|p2a: Gengar
|-damage|p2a: Gengar|0 fnt
|faint|p2a: Gengar
|
|upkeep

|
|switch|p2a: Landorus|Landorus-Therian, M|100/100
|-ability|p2a: Landorus|Intimidate|boost
|-unboost|p1a: Xerneas|atk|1
|turn|9

|
|move|p1a: Xerneas|Moonblast|p2a: Landorus
|-damage|p2a: Landorus|0 fnt
|faint|p2a: Landorus
|
|upkeep

|
|switch|p2a: Aegislash|Aegislash, M|100/100
|-activate|p2a: Aegislash|move: Sticky Web
|-unboost|p2a: Aegislash|spe|1
|turn|10

|
|move|p2a: Aegislash|King's Shield|p2a: Aegislash
|-singleturn|p2a: Aegislash|Protect
|move|p1a: Xerneas|Hidden Power|p2a: Aegislash
|-activate|p2a: Aegislash|move: Protect
|
|upkeep
|turn|11

|
|move|p1a: Xerneas|Hidden Power|p2a: Aegislash
|-supereffective|p2a: Aegislash
|-damage|p2a: Aegislash|49/100
|move|p2a: Aegislash|Toxic|p1a: Xerneas
|-status|p1a: Xerneas|tox
|
|-damage|p1a: Xerneas|94/100 tox|[from] psn
|upkeep
|turn|12

|
|move|p2a: Aegislash|King's Shield|p2a: Aegislash
|-singleturn|p2a: Aegislash|Protect
|move|p1a: Xerneas|Hidden Power|p2a: Aegislash
|-activate|p2a: Aegislash|move: Protect
|
|-damage|p1a: Xerneas|82/100 tox|[from] psn
|upkeep
|turn|13

|
|move|p2a: Aegislash|King's Shield||[still]
|-fail|p2a: Aegislash
|move|p1a: Xerneas|Hidden Power|p2a: Aegislash
|-supereffective|p2a: Aegislash
|-damage|p2a: Aegislash|0 fnt
|faint|p2a: Aegislash
|
|-damage|p1a: Xerneas|64/100 tox|[from] psn
|upkeep

|
|switch|p2a: Arceus|Arceus-Fairy|100/100
|-activate|p2a: Arceus|move: Sticky Web
|-unboost|p2a: Arceus|spe|1
|turn|14

|
|move|p2a: Arceus|Extreme Speed|p1a: Xerneas
|-damage|p1a: Xerneas|41/100 tox
|move|p1a: Xerneas|Moonblast|p2a: Arceus
|-damage|p2a: Arceus|3/100
|
|-damage|p1a: Xerneas|16/100 tox|[from] psn
|upkeep
|turn|15

|
|move|p2a: Arceus|Extreme Speed|p1a: Xerneas
|-damage|p1a: Xerneas|0 fnt
|faint|p1a: Xerneas
|
|upkeep

|
|switch|p1a: Arceus|Arceus|100/100
|turn|16

|
|move|p1a: Arceus|Extreme Speed|p2a: Arceus
|-damage|p2a: Arceus|0 fnt
|faint|p2a: Arceus
|
|win|h90h90h90