|init|battle
|title|ntron ❒ vs. Godofbop
|j|☆ntron ❒
|j|☆Godofbop
|player|p1|ntron ❒|blaine|1000
|player|p2|Godofbop|265|1056
|teamsize|p1|6
|teamsize|p2|6
|gametype|singles
|gen|2
|tier|[Gen 2] OU
|rated|
|rule|Sleep Clause Mod: Limit one foe put to sleep
|rule|Freeze Clause Mod: Limit one foe frozen
|rule|Species Clause: Limit one of each Pokémon
|rule|OHKO Clause: OHKO moves are banned
|rule|Evasion Moves Clause: Evasion moves are banned
|rule|HP Percentage Mod: HP is shown in percentages
|
|start
|switch|p1a: misty|Nidoking, M|100/100
|switch|p2a: Snorlax|Snorlax, M|100/100
|turn|1

|
|move|p1a: misty|Lovely Kiss|p2a: Snorlax|[miss]
|-miss|p1a: misty
|move|p2a: Snorlax|Double-Edge|p1a: misty
|-damage|p1a: misty|53/100
|-damage|p2a: Snorlax|92/100|[from] Recoil|[of] p1a: misty
|
|-heal|p1a: misty|59/100|[from] item: Leftovers
|-heal|p2a: Snorlax|98/100|[from] item: Leftovers
|upkeep
|turn|2

|j| Gen7OUOU

|
|move|p1a: misty|Lovely Kiss|p2a: Snorlax|[miss]
|-miss|p1a: misty
|move|p2a: Snorlax|Sleep Talk|p2a: Snorlax
|-fail|p2a: Snorlax
|
|-heal|p1a: misty|65/100|[from] item: Leftovers
|-heal|p2a: Snorlax|100/100|[from] item: Leftovers
|upkeep
|turn|3

|
|move|p1a: misty|Lovely Kiss|p2a: Snorlax|[miss]
|-miss|p1a: misty
|move|p2a: Snorlax|Sleep Talk|p2a: Snorlax
|-fail|p2a: Snorlax
|
|-heal|p1a: misty|71/100|[from] item: Leftovers
|upkeep
|turn|4

|
|move|p1a: misty|Lovely Kiss|p2a: Snorlax
|-status|p2a: Snorlax|slp|[from] move: Lovely Kiss
|cant|p2a: Snorlax|slp
|move|p2a: Snorlax|Sleep Talk|p2a: Snorlax
|move|p2a: Snorlax|Curse|p2a: Snorlax|[from]Sleep Talk
|-unboost|p2a: Snorlax|spe|1
|-boost|p2a: Snorlax|atk|1
|-boost|p2a: Snorlax|def|1
|
|-heal|p1a: misty|77/100|[from] item: Leftovers
|upkeep
|turn|5

|l| Gen7OUOU

|
|move|p1a: misty|Earthquake|p2a: Snorlax
|-damage|p2a: Snorlax|81/100 slp
|cant|p2a: Snorlax|slp
|move|p2a: Snorlax|Sleep Talk|p2a: Snorlax
|move|p2a: Snorlax|Rest|p2a: Snorlax|[from]Sleep Talk
|-status|p2a: Snorlax|slp|[from] move: Rest
|-heal|p2a: Snorlax|100/100 slp|[silent]
|
|-heal|p1a: misty|83/100|[from] item: Leftovers
|upkeep
|turn|6

|
|switch|p1a: bruno|Machamp, M|100/100
|cant|p2a: Snorlax|slp
|move|p2a: Snorlax|Sleep Talk|p2a: Snorlax
|move|p2a: Snorlax|Double-Edge|p1a: bruno|[from]Sleep Talk
|-damage|p1a: bruno|28/100
|-damage|p2a: Snorlax|87/100 slp|[from] Recoil|[of] p1a: bruno
|
|-heal|p1a: bruno|34/100|[from] item: Leftovers
|-heal|p2a: Snorlax|93/100 slp|[from] item: Leftovers
|upkeep
|turn|7

|
|switch|p2a: Misdreavus|Misdreavus, M|100/100
|move|p1a: bruno|Cross Chop|p2a: Misdreavus
|-immune|p2a: Misdreavus
|
|-heal|p1a: bruno|40/100|[from] item: Leftovers
|upkeep
|turn|8

|
|switch|p1a: blaine|Tyranitar, M|100/100
|move|p2a: Misdreavus|Mean Look|p1a: blaine
|-activate|p1a: blaine|trapped
|
|upkeep
|turn|9

|
|move|p2a: Misdreavus|Protect|p2a: Misdreavus
|-singleturn|p2a: Misdreavus|Protect
|move|p1a: blaine|Roar|p2a: Misdreavus
|-activate|p2a: Misdreavus|Protect
|
|upkeep
|turn|10

|
|switch|p2a: Suicune|Suicune|100/100
|move|p1a: blaine|Roar|p2a: Suicune
|drag|p2a: Skarmory|Skarmory, M|100/100
|
|upkeep
|turn|11

|
|move|p2a: Skarmory|Toxic|p1a: blaine|[miss]
|-miss|p2a: Skarmory
|move|p1a: blaine|Fire Blast|p2a: Skarmory|[miss]
|-miss|p1a: blaine
|
|upkeep
|turn|12

|j| pepe4533

|
|switch|p2a: Suicune|Suicune|100/100
|move|p1a: blaine|Fire Blast|p2a: Suicune
|-resisted|p2a: Suicune
|-damage|p2a: Suicune|90/100
|
|-heal|p2a: Suicune|97/100|[from] item: Leftovers
|upkeep
|turn|13

|
|switch|p1a: agatha|Cloyster, M|100/100
|move|p2a: Suicune|Surf|p1a: agatha
|-resisted|p1a: agatha
|-damage|p1a: agatha|72/100
|
|-heal|p2a: Suicune|100/100|[from] item: Leftovers
|-heal|p1a: agatha|78/100|[from] item: Leftovers
|upkeep
|turn|14

|l| pepe4533

|j| Gen7OUOU

|l| Gen7OUOU

|
|switch|p2a: Cloyster|Cloyster, M|100/100
|move|p1a: agatha|Spikes|p2a: Cloyster
|-sidestart|p2: Godofbop|Spikes
|
|-heal|p1a: agatha|84/100|[from] item: Leftovers
|upkeep
|turn|15

|
|move|p1a: agatha|Toxic|p2a: Cloyster
|-status|p2a: Cloyster|tox
|move|p2a: Cloyster|Spikes|p1a: agatha
|-sidestart|p1: ntron ❒|Spikes
|-damage|p2a: Cloyster|95/100 tox|[from] psn
|
|-heal|p1a: agatha|90/100|[from] item: Leftovers
|-heal|p2a: Cloyster|100/100 tox|[from] item: Leftovers
|upkeep
|turn|16

|
|switch|p1a: blaine|Tyranitar, M|100/100
|-damage|p1a: blaine|88/100|[from] Spikes
|move|p2a: Cloyster|Toxic|p1a: blaine
|-status|p1a: blaine|tox
|-damage|p2a: Cloyster|89/100 tox|[from] psn
|
|-heal|p2a: Cloyster|95/100 tox|[from] item: Leftovers
|-heal|p1a: blaine|94/100 tox|[from] item: Leftovers
|upkeep
|turn|17

|
|switch|p2a: Suicune|Suicune|100/100
|-damage|p2a: Suicune|88/100|[from] Spikes
|move|p1a: blaine|Rock Slide|p2a: Suicune
|-damage|p2a: Suicune|64/100
|-damage|p1a: blaine|88/100 tox|[from] psn
|
|-heal|p2a: Suicune|70/100|[from] item: Leftovers
|-heal|p1a: blaine|94/100 tox|[from] item: Leftovers
|upkeep
|turn|18

|
|switch|p1a: agatha|Cloyster, M|90/100
|-damage|p1a: agatha|77/100|[from] Spikes
|move|p2a: Suicune|Surf|p1a: agatha
|-resisted|p1a: agatha
|-damage|p1a: agatha|49/100
|
|-heal|p2a: Suicune|77/100|[from] item: Leftovers
|-heal|p1a: agatha|55/100|[from] item: Leftovers
|upkeep
|turn|19

|
|switch|p2a: Misdreavus|Misdreavus, M|100/100
|-damage|p2a: Misdreavus|88/100|[from] Spikes
|move|p1a: agatha|Toxic|p2a: Misdreavus
|-status|p2a: Misdreavus|tox
|
|-heal|p2a: Misdreavus|94/100 tox|[from] item: Leftovers
|-heal|p1a: agatha|61/100|[from] item: Leftovers
|upkeep
|turn|20

|
|move|p2a: Misdreavus|Thunder|p1a: agatha
|-supereffective|p1a: agatha
|-damage|p1a: agatha|0 fnt
|faint|p1a: agatha

|
|switch|p1a: blaine|Tyranitar, M|94/100 tox
|-status|p1a: blaine|psn|[silent]
|-damage|p1a: blaine|82/100 psn|[from] Spikes
|
|-heal|p2a: Misdreavus|100/100 tox|[from] item: Leftovers
|-heal|p1a: blaine|88/100 psn|[from] item: Leftovers
|upkeep
|turn|21

|
|-activate|p2a: Misdreavus|move: Pursuit
|move|p1a: blaine|Pursuit|p2a: Misdreavus|[from]Pursuit
|-supereffective|p2a: Misdreavus
|-damage|p2a: Misdreavus|36/100 tox
|-damage|p1a: blaine|76/100 psn|[from] psn|[of] p2a: Misdreavus
|switch|p2a: Suicune|Suicune|77/100
|-damage|p2a: Suicune|64/100|[from] Spikes
|
|-heal|p2a: Suicune|70/100|[from] item: Leftovers
|-heal|p1a: blaine|82/100 psn|[from] item: Leftovers
|upkeep
|turn|22

|
|switch|p1a: brock|Zapdos|100/100
|move|p2a: Suicune|Surf|p1a: brock
|-damage|p1a: brock|70/100
|
|-heal|p1a: brock|76/100|[from] item: Leftovers
|-heal|p2a: Suicune|77/100|[from] item: Leftovers
|upkeep
|turn|23

|
|switch|p2a: Raikou|Raikou|100/100
|-damage|p2a: Raikou|88/100|[from] Spikes
|move|p1a: brock|Thunder|p2a: Raikou
|-resisted|p2a: Raikou
|-damage|p2a: Raikou|68/100
|-status|p2a: Raikou|par
|
|-heal|p1a: brock|82/100|[from] item: Leftovers
|-heal|p2a: Raikou|74/100 par|[from] item: Leftovers
|upkeep
|turn|24

|
|switch|p1a: misty|Nidoking, M|83/100
|-damage|p1a: misty|71/100|[from] Spikes
|move|p2a: Raikou|Roar|p1a: misty
|drag|p1a: bruno|Machamp, M|40/100
|-damage|p1a: bruno|27/100|[from] Spikes
|
|-heal|p1a: bruno|33/100|[from] item: Leftovers
|-heal|p2a: Raikou|80/100 par|[from] item: Leftovers
|upkeep
|turn|25

|
|switch|p2a: Misdreavus|Misdreavus, M|36/100 tox
|-status|p2a: Misdreavus|psn|[silent]
|-damage|p2a: Misdreavus|23/100 psn|[from] Spikes
|-damage|p2a: Misdreavus|11/100 psn|[from] psn
|move|p1a: bruno|Earthquake|p2a: Misdreavus
|-damage|p2a: Misdreavus|0 fnt
|faint|p2a: Misdreavus

|
|switch|p2a: Cloyster|Cloyster, M|95/100 tox
|-status|p2a: Cloyster|psn|[silent]
|-damage|p2a: Cloyster|82/100 psn|[from] Spikes
|
|-heal|p2a: Cloyster|88/100 psn|[from] item: Leftovers
|-heal|p1a: bruno|39/100|[from] item: Leftovers
|upkeep
|turn|26

|
|move|p2a: Cloyster|Explosion|p1a: bruno
|-damage|p1a: bruno|0 fnt
|faint|p2a: Cloyster
|faint|p1a: bruno

|
|switch|p2a: Suicune|Suicune|77/100
|switch|p1a: brock|Zapdos|82/100
|-damage|p2a: Suicune|64/100|[from] Spikes
|
|-heal|p1a: brock|88/100|[from] item: Leftovers
|-heal|p2a: Suicune|70/100|[from] item: Leftovers
|upkeep
|turn|27

|
|switch|p2a: Raikou|Raikou|80/100 par
|-damage|p2a: Raikou|67/100 par|[from] Spikes
|move|p1a: brock|Thunder|p2a: Raikou|[miss]
|-miss|p1a: brock
|
|-heal|p1a: brock|94/100|[from] item: Leftovers
|-heal|p2a: Raikou|73/100 par|[from] item: Leftovers
|upkeep
|turn|28

|
|switch|p1a: misty|Nidoking, M|71/100
|-damage|p1a: misty|59/100|[from] Spikes
|move|p2a: Raikou|Hidden Power|p1a: misty
|-supereffective|p1a: misty
|-damage|p1a: misty|22/100
|
|-heal|p1a: misty|28/100|[from] item: Leftovers
|-heal|p2a: Raikou|79/100 par|[from] item: Leftovers
|upkeep
|turn|29

|
|switch|p2a: Skarmory|Skarmory, M|100/100
|move|p1a: misty|Earthquake|p2a: Skarmory
|-immune|p2a: Skarmory
|
|-heal|p1a: misty|34/100|[from] item: Leftovers
|upkeep
|turn|30

|
|switch|p1a: blaine|Tyranitar, M|82/100 psn
|-damage|p1a: blaine|69/100 psn|[from] Spikes
|-damage|p1a: blaine|57/100 psn|[from] psn
|move|p2a: Skarmory|Whirlwind|p1a: blaine
|drag|p1a: byron|Snorlax, M|100/100
|-damage|p1a: byron|88/100|[from] Spikes
|
|-heal|p1a: byron|94/100|[from] item: Leftovers
|upkeep
|turn|31

|
|switch|p1a: blaine|Tyranitar, M|57/100 psn
|-damage|p1a: blaine|45/100 psn|[from] Spikes
|-damage|p1a: blaine|32/100 psn|[from] psn
|move|p2a: Skarmory|Toxic|p1a: blaine|[miss]
|-miss|p2a: Skarmory
|
|-heal|p1a: blaine|38/100 psn|[from] item: Leftovers
|upkeep
|turn|32

|
|switch|p2a: Suicune|Suicune|70/100
|-damage|p2a: Suicune|58/100|[from] Spikes
|move|p1a: blaine|Fire Blast|p2a: Suicune|[miss]
|-miss|p1a: blaine
|-damage|p1a: blaine|26/100 psn|[from] psn|[of] p2a: Suicune
|
|-heal|p2a: Suicune|64/100|[from] item: Leftovers
|-heal|p1a: blaine|32/100 psn|[from] item: Leftovers
|upkeep
|turn|33

|
|switch|p1a: brock|Zapdos|94/100
|move|p2a: Suicune|Surf|p1a: brock
|-damage|p1a: brock|63/100
|
|-heal|p1a: brock|69/100|[from] item: Leftovers
|-heal|p2a: Suicune|70/100|[from] item: Leftovers
|upkeep
|turn|34

|
|switch|p2a: Raikou|Raikou|79/100 par
|-damage|p2a: Raikou|67/100 par|[from] Spikes
|move|p1a: brock|Thunder|p2a: Raikou
|-resisted|p2a: Raikou
|-damage|p2a: Raikou|47/100 par
|
|-heal|p1a: brock|75/100|[from] item: Leftovers
|-heal|p2a: Raikou|53/100 par|[from] item: Leftovers
|upkeep
|turn|35

|
|move|p1a: brock|Thunder|p2a: Raikou
|-resisted|p2a: Raikou
|-damage|p2a: Raikou|32/100 par
|cant|p2a: Raikou|par
|
|-heal|p1a: brock|81/100|[from] item: Leftovers
|-heal|p2a: Raikou|38/100 par|[from] item: Leftovers
|upkeep
|turn|36

|
|move|p1a: brock|Thunder|p2a: Raikou|[miss]
|-miss|p1a: brock
|move|p2a: Raikou|Rest|p2a: Raikou
|-status|p2a: Raikou|slp|[from] move: Rest
|-heal|p2a: Raikou|100/100 slp|[silent]
|
|-heal|p1a: brock|87/100|[from] item: Leftovers
|upkeep
|turn|37

|
|switch|p2a: Snorlax|Snorlax, M|93/100 slp
|-damage|p2a: Snorlax|81/100 slp|[from] Spikes
|switch|p1a: byron|Snorlax, M|94/100
|-damage|p1a: byron|82/100|[from] Spikes
|
|-heal|p2a: Snorlax|87/100 slp|[from] item: Leftovers
|-heal|p1a: byron|88/100|[from] item: Leftovers
|upkeep
|turn|38

|
|cant|p2a: Snorlax|slp
|move|p1a: byron|Curse|p1a: byron
|-unboost|p1a: byron|spe|1
|-boost|p1a: byron|atk|1
|-boost|p1a: byron|def|1
|
|-heal|p2a: Snorlax|93/100 slp|[from] item: Leftovers
|-heal|p1a: byron|94/100|[from] item: Leftovers
|upkeep
|turn|39

|
|switch|p2a: Skarmory|Skarmory, M|100/100
|move|p1a: byron|Curse|p1a: byron
|-unboost|p1a: byron|spe|1
|-boost|p1a: byron|atk|1
|-boost|p1a: byron|def|1
|
|-heal|p1a: byron|99/100|[from] item: Leftovers
|upkeep
|turn|40

|
|move|p1a: byron|Body Slam|p2a: Skarmory
|-resisted|p2a: Skarmory
|-damage|p2a: Skarmory|74/100
|-status|p2a: Skarmory|par
|cant|p2a: Skarmory|par
|
|-heal|p1a: byron|100/100|[from] item: Leftovers
|-heal|p2a: Skarmory|80/100 par|[from] item: Leftovers
|upkeep
|turn|41

|
|move|p1a: byron|Body Slam|p2a: Skarmory
|-resisted|p2a: Skarmory
|-damage|p2a: Skarmory|55/100 par
|move|p2a: Skarmory|Whirlwind|p1a: byron
|drag|p1a: blaine|Tyranitar, M|32/100 psn
|-damage|p1a: blaine|20/100 psn|[from] Spikes
|
|-heal|p1a: blaine|26/100 psn|[from] item: Leftovers
|-heal|p2a: Skarmory|61/100 par|[from] item: Leftovers
|upkeep
|turn|42

|
|switch|p2a: Suicune|Suicune|70/100
|-damage|p2a: Suicune|58/100|[from] Spikes
|move|p1a: blaine|Fire Blast|p2a: Suicune
|-resisted|p2a: Suicune
|-damage|p2a: Suicune|47/100
|-damage|p1a: blaine|14/100 psn|[from] psn|[of] p2a: Suicune
|
|-heal|p2a: Suicune|53/100|[from] item: Leftovers
|-heal|p1a: blaine|20/100 psn|[from] item: Leftovers
|upkeep
|turn|43

|
|move|p2a: Suicune|Rest|p2a: Suicune
|-status|p2a: Suicune|slp|[from] move: Rest
|-heal|p2a: Suicune|100/100 slp|[silent]
|move|p1a: blaine|Rock Slide|p2a: Suicune
|-damage|p2a: Suicune|77/100 slp
|-damage|p1a: blaine|7/100 psn|[from] psn|[of] p2a: Suicune
|
|-heal|p2a: Suicune|84/100 slp|[from] item: Leftovers
|-heal|p1a: blaine|14/100 psn|[from] item: Leftovers
|upkeep
|turn|44

|
|cant|p2a: Suicune|slp
|move|p2a: Suicune|Sleep Talk|p2a: Suicune
|move|p2a: Suicune|Rest|p2a: Suicune|[from]Sleep Talk
|-status|p2a: Suicune|slp|[from] move: Rest
|-heal|p2a: Suicune|100/100 slp|[silent]
|move|p1a: blaine|Roar|p2a: Suicune
|drag|p2a: Skarmory|Skarmory, M|61/100 par
|-damage|p1a: blaine|1/100 psn|[from] psn|[of] p2: Suicune
|
|-heal|p1a: blaine|7/100 psn|[from] item: Leftovers
|-heal|p2a: Skarmory|67/100 par|[from] item: Leftovers
|upkeep
|turn|45

|
|move|p1a: blaine|Fire Blast|p2a: Skarmory
|-supereffective|p2a: Skarmory
|-damage|p2a: Skarmory|3/100 par
|-damage|p1a: blaine|0 fnt|[from] psn|[of] p2a: Skarmory
|faint|p1a: blaine

|
|switch|p1a: byron|Snorlax, M|100/100
|-damage|p1a: byron|88/100|[from] Spikes
|
|-heal|p1a: byron|94/100|[from] item: Leftovers
|-heal|p2a: Skarmory|9/100 par|[from] item: Leftovers
|upkeep
|turn|46

|
|move|p1a: byron|Body Slam|p2a: Skarmory
|-resisted|p2a: Skarmory
|-damage|p2a: Skarmory|0 fnt
|faint|p2a: Skarmory

|
|switch|p2a: Snorlax|Snorlax, M|93/100 slp
|-damage|p2a: Snorlax|81/100 slp|[from] Spikes
|
|-heal|p1a: byron|99/100|[from] item: Leftovers
|-heal|p2a: Snorlax|87/100 slp|[from] item: Leftovers
|upkeep
|turn|47

|
|-curestatus|p2a: Snorlax|slp|[msg]
|move|p2a: Snorlax|Curse|p2a: Snorlax
|-unboost|p2a: Snorlax|spe|1
|-boost|p2a: Snorlax|atk|1
|-boost|p2a: Snorlax|def|1
|move|p1a: byron|Curse|p1a: byron
|-unboost|p1a: byron|spe|1
|-boost|p1a: byron|atk|1
|-boost|p1a: byron|def|1
|
|-heal|p1a: byron|100/100|[from] item: Leftovers
|-heal|p2a: Snorlax|93/100|[from] item: Leftovers
|upkeep
|turn|48

|
|move|p1a: byron|Curse|p1a: byron
|-unboost|p1a: byron|spe|1
|-boost|p1a: byron|atk|1
|-boost|p1a: byron|def|1
|move|p2a: Snorlax|Curse|p2a: Snorlax
|-unboost|p2a: Snorlax|spe|1
|-boost|p2a: Snorlax|atk|1
|-boost|p2a: Snorlax|def|1
|
|-heal|p2a: Snorlax|99/100|[from] item: Leftovers
|upkeep
|turn|49

|
|move|p1a: byron|Curse|p1a: byron
|-unboost|p1a: byron|spe|1
|-boost|p1a: byron|atk|1
|-boost|p1a: byron|def|1
|move|p2a: Snorlax|Curse|p2a: Snorlax
|-unboost|p2a: Snorlax|spe|1
|-boost|p2a: Snorlax|atk|1
|-boost|p2a: Snorlax|def|1
|
|-heal|p2a: Snorlax|100/100|[from] item: Leftovers
|upkeep
|turn|50

|
|move|p1a: byron|Curse|p1a: byron
|-unboost|p1a: byron|spe|1
|-boost|p1a: byron|atk|1
|-boost|p1a: byron|def|1
|move|p2a: Snorlax|Curse|p2a: Snorlax
|-unboost|p2a: Snorlax|spe|1
|-boost|p2a: Snorlax|atk|1
|-boost|p2a: Snorlax|def|1
|
|upkeep
|turn|51

|
|move|p1a: byron|Curse|p1a: byron
|-unboost|p1a: byron|spe|1
|-boost|p1a: byron|atk|1
|-boost|p1a: byron|def|1
|move|p2a: Snorlax|Curse|p2a: Snorlax
|-unboost|p2a: Snorlax|spe|1
|-boost|p2a: Snorlax|atk|1
|-boost|p2a: Snorlax|def|1
|
|upkeep
|turn|52

|
|move|p2a: Snorlax|Curse|p2a: Snorlax
|-unboost|p2a: Snorlax|spe|1
|-boost|p2a: Snorlax|atk|0
|-boost|p2a: Snorlax|def|1
|move|p1a: byron|Curse|p1a: byron
|-unboost|p1a: byron|spe|1
|-boost|p1a: byron|atk|0
|-boost|p1a: byron|def|1
|
|upkeep
|turn|53

|
|move|p2a: Snorlax|Double-Edge|p1a: byron
|-damage|p1a: byron|69/100
|-damage|p2a: Snorlax|93/100|[from] Recoil|[of] p1a: byron
|move|p1a: byron|Curse|p1a: byron
|-unboost|p1a: byron|spe|0
|-boost|p1a: byron|atk|0
|-boost|p1a: byron|def|0
|
|-heal|p1a: byron|75/100|[from] item: Leftovers
|-heal|p2a: Snorlax|99/100|[from] item: Leftovers
|upkeep
|turn|54

|
|move|p1a: byron|Body Slam|p2a: Snorlax
|-damage|p2a: Snorlax|80/100
|-status|p2a: Snorlax|par
|cant|p2a: Snorlax|par
|
|-heal|p1a: byron|81/100|[from] item: Leftovers
|-heal|p2a: Snorlax|86/100 par|[from] item: Leftovers
|upkeep
|turn|55

|
|move|p1a: byron|Body Slam|p2a: Snorlax
|-damage|p2a: Snorlax|65/100 par
|move|p2a: Snorlax|Double-Edge|p1a: byron
|-crit|p1a: byron
|-damage|p1a: byron|12/100
|-damage|p2a: Snorlax|48/100 par|[from] Recoil|[of] p1a: byron
|
|-heal|p1a: byron|18/100|[from] item: Leftovers
|-heal|p2a: Snorlax|54/100 par|[from] item: Leftovers
|upkeep
|turn|56

|
|move|p1a: byron|Rest|p1a: byron
|-status|p1a: byron|slp|[from] move: Rest
|-heal|p1a: byron|100/100 slp|[silent]
|move|p2a: Snorlax|Rest|p2a: Snorlax
|-status|p2a: Snorlax|slp|[from] move: Rest
|-heal|p2a: Snorlax|100/100 slp|[silent]
|
|upkeep
|turn|57

|
|switch|p1a: brock|Zapdos|87/100
|cant|p2a: Snorlax|slp
|move|p2a: Snorlax|Sleep Talk|p2a: Snorlax
|move|p2a: Snorlax|Rest|p2a: Snorlax|[from]Sleep Talk
|-fail|p2a: Snorlax
|
|-heal|p1a: brock|93/100|[from] item: Leftovers
|upkeep
|turn|58

|
|move|p1a: brock|Thunder|p2a: Snorlax
|-damage|p2a: Snorlax|71/100 slp
|cant|p2a: Snorlax|slp
|move|p2a: Snorlax|Sleep Talk|p2a: Snorlax
|move|p2a: Snorlax|Curse|p2a: Snorlax|[from]Sleep Talk
|-unboost|p2a: Snorlax|spe|0
|-boost|p2a: Snorlax|atk|0
|-boost|p2a: Snorlax|def|0
|
|-heal|p1a: brock|99/100|[from] item: Leftovers
|-heal|p2a: Snorlax|77/100 slp|[from] item: Leftovers
|upkeep
|turn|59

|
|move|p1a: brock|Thunder|p2a: Snorlax|[miss]
|-miss|p1a: brock
|-curestatus|p2a: Snorlax|slp|[msg]
|move|p2a: Snorlax|Double-Edge|p1a: brock
|-damage|p1a: brock|0 fnt
|-damage|p2a: Snorlax|59/100|[from] Recoil|[of] p1a: brock
|faint|p1a: brock

|
|switch|p1a: misty|Nidoking, M|34/100
|-damage|p1a: misty|21/100|[from] Spikes
|
|-heal|p1a: misty|27/100|[from] item: Leftovers
|-heal|p2a: Snorlax|66/100|[from] item: Leftovers
|upkeep
|turn|60

|
|move|p1a: misty|Lovely Kiss|p2a: Snorlax|[miss]
|-miss|p1a: misty
|move|p2a: Snorlax|Sleep Talk|p2a: Snorlax
|-fail|p2a: Snorlax
|
|-heal|p1a: misty|33/100|[from] item: Leftovers
|-heal|p2a: Snorlax|72/100|[from] item: Leftovers
|upkeep
|turn|61

|
|move|p1a: misty|Lovely Kiss|p2a: Snorlax
|-status|p2a: Snorlax|slp|[from] move: Lovely Kiss
|cant|p2a: Snorlax|slp
|move|p2a: Snorlax|Sleep Talk|p2a: Snorlax
|move|p2a: Snorlax|Curse|p2a: Snorlax|[from]Sleep Talk
|-unboost|p2a: Snorlax|spe|0
|-boost|p2a: Snorlax|atk|0
|-boost|p2a: Snorlax|def|0
|
|-heal|p1a: misty|39/100|[from] item: Leftovers
|-heal|p2a: Snorlax|78/100 slp|[from] item: Leftovers
|upkeep
|turn|62

|
|move|p1a: misty|Thunder|p2a: Snorlax
|-damage|p2a: Snorlax|64/100 slp
|cant|p2a: Snorlax|slp
|move|p2a: Snorlax|Sleep Talk|p2a: Snorlax
|move|p2a: Snorlax|Curse|p2a: Snorlax|[from]Sleep Talk
|-unboost|p2a: Snorlax|spe|0
|-boost|p2a: Snorlax|atk|0
|-boost|p2a: Snorlax|def|0
|
|-heal|p1a: misty|45/100|[from] item: Leftovers
|-heal|p2a: Snorlax|70/100 slp|[from] item: Leftovers
|upkeep
|turn|63

|
|move|p1a: misty|Thunder|p2a: Snorlax
|-damage|p2a: Snorlax|54/100 slp
|cant|p2a: Snorlax|slp
|
|-heal|p1a: misty|51/100|[from] item: Leftovers
|-heal|p2a: Snorlax|60/100 slp|[from] item: Leftovers
|upkeep
|turn|64

|
|move|p1a: misty|Thunder|p2a: Snorlax|[miss]
|-miss|p1a: misty
|cant|p2a: Snorlax|slp
|
|-heal|p1a: misty|57/100|[from] item: Leftovers
|-heal|p2a: Snorlax|66/100 slp|[from] item: Leftovers
|upkeep
|turn|65

|
|move|p1a: misty|Thunder|p2a: Snorlax
|-damage|p2a: Snorlax|51/100 slp
|cant|p2a: Snorlax|slp
|
|-heal|p1a: misty|64/100|[from] item: Leftovers
|-heal|p2a: Snorlax|57/100 slp|[from] item: Leftovers
|upkeep
|turn|66

|
|move|p1a: misty|Thunder|p2a: Snorlax
|-damage|p2a: Snorlax|43/100 slp
|cant|p2a: Snorlax|slp
|
|-heal|p1a: misty|70/100|[from] item: Leftovers
|-heal|p2a: Snorlax|49/100 slp|[from] item: Leftovers
|upkeep
|turn|67

|
|move|p1a: misty|Thunder|p2a: Snorlax
|-damage|p2a: Snorlax|34/100 slp
|-curestatus|p2a: Snorlax|slp|[msg]
|move|p2a: Snorlax|Double-Edge|p1a: misty
|-damage|p1a: misty|0 fnt
|-damage|p2a: Snorlax|22/100|[from] Recoil|[of] p1a: misty
|faint|p1a: misty

|
|switch|p1a: byron|Snorlax, M|100/100 slp
|-damage|p1a: byron|88/100 slp|[from] Spikes
|
|-heal|p1a: byron|94/100 slp|[from] item: Leftovers
|-heal|p2a: Snorlax|28/100|[from] item: Leftovers
|upkeep
|turn|68

|
|cant|p1a: byron|slp
|move|p1a: byron|Sleep Talk|p1a: byron
|move|p1a: byron|Body Slam|p2a: Snorlax|[from]Sleep Talk
|-damage|p2a: Snorlax|21/100
|-status|p2a: Snorlax|par
|move|p2a: Snorlax|Double-Edge|p1a: byron
|-damage|p1a: byron|0 fnt
|-damage|p2a: Snorlax|0 fnt|[from] Recoil|[of] p1a: byron
|faint|p1a: byron
|faint|p2a: Snorlax
|
|win|Godofbop