|init|battle
|title|Carlyle 62 vs. lolthisteamisajk
|j|☆Carlyle 62
|j|☆lolthisteamisajk
|player|p1|Carlyle 62|293|1150
|player|p2|lolthisteamisajk|111|1113
|teamsize|p1|6
|teamsize|p2|6
|gametype|singles
|gen|2
|tier|[Gen 2] OU
|rated|
|rule|Sleep Clause Mod: Limit one foe put to sleep
|rule|Freeze Clause Mod: Limit one foe frozen
|rule|Species Clause: Limit one of each Pokémon
|rule|OHKO Clause: OHKO moves are banned
|rule|Evasion Moves Clause: Evasion moves are banned
|rule|HP Percentage Mod: HP is shown in percentages
|
|start
|switch|p1a: Lapras|Lapras, M|100/100
|switch|p2a: Snorlax|Snorlax, M|100/100
|turn|1

|
|move|p1a: Lapras|Toxic|p2a: Snorlax
|-status|p2a: Snorlax|tox
|move|p2a: Snorlax|Curse|p2a: Snorlax
|-unboost|p2a: Snorlax|spe|1
|-boost|p2a: Snorlax|atk|1
|-boost|p2a: Snorlax|def|1
|-damage|p2a: Snorlax|94/100 tox|[from] psn
|
|-heal|p2a: Snorlax|100/100 tox|[from] item: Leftovers
|upkeep
|turn|2

|
|move|p1a: Lapras|Surf|p2a: Snorlax
|-damage|p2a: Snorlax|84/100 tox
|move|p2a: Snorlax|Body Slam|p1a: Lapras
|-damage|p1a: Lapras|61/100
|-damage|p2a: Snorlax|71/100 tox|[from] psn
|
|-heal|p1a: Lapras|67/100|[from] item: Leftovers
|-heal|p2a: Snorlax|78/100 tox|[from] item: Leftovers
|upkeep
|turn|3

|
|move|p1a: Lapras|Surf|p2a: Snorlax
|-damage|p2a: Snorlax|59/100 tox
|move|p2a: Snorlax|Rest|p2a: Snorlax
|-status|p2a: Snorlax|slp|[from] move: Rest
|-heal|p2a: Snorlax|100/100 slp|[silent]
|
|-heal|p1a: Lapras|73/100|[from] item: Leftovers
|upkeep
|turn|4

|
|switch|p1a: Misdreavus|Misdreavus, M|100/100
|cant|p2a: Snorlax|slp
|move|p2a: Snorlax|Sleep Talk|p2a: Snorlax
|move|p2a: Snorlax|Rest|p2a: Snorlax|[from]Sleep Talk
|-fail|p2a: Snorlax
|
|upkeep
|turn|5

|
|switch|p2a: Skarmory|Skarmory, M|100/100
|move|p1a: Misdreavus|Mean Look|p2a: Skarmory
|-activate|p2a: Skarmory|trapped
|
|upkeep
|turn|6

|
|move|p1a: Misdreavus|Perish Song|p1a: Misdreavus
|-start|p1a: Misdreavus|perish3|[silent]
|-start|p2a: Skarmory|perish3|[silent]
|-fieldactivate|move: Perish Song
|move|p2a: Skarmory|Whirlwind|p1a: Misdreavus
|drag|p1a: Golem|Golem, M|100/100
|
|-start|p2a: Skarmory|perish3
|upkeep
|turn|7

|
|move|p1a: Golem|Fire Blast|p2a: Skarmory
|-supereffective|p2a: Skarmory
|-damage|p2a: Skarmory|48/100
|-status|p2a: Skarmory|brn
|move|p2a: Skarmory|Whirlwind|p1a: Golem
|drag|p1a: Misdreavus|Misdreavus, M|100/100
|-damage|p2a: Skarmory|36/100 brn|[from] brn|[of] p1: Golem
|
|-heal|p2a: Skarmory|42/100 brn|[from] item: Leftovers
|-start|p2a: Skarmory|perish2
|upkeep
|turn|8

|
|switch|p2a: Misdreavus|Misdreavus, M|100/100
|move|p1a: Misdreavus|Protect|p1a: Misdreavus
|-fail|p1a: Misdreavus
|
|upkeep
|turn|9

|
|switch|p1a: Golem|Golem, M|100/100
|move|p2a: Misdreavus|Shadow Ball|p1a: Golem
|-damage|p1a: Golem|85/100
|
|-heal|p1a: Golem|91/100|[from] item: Leftovers
|upkeep
|turn|10

|
|switch|p2a: Starmie|Starmie|100/100
|move|p1a: Golem|Earthquake|p2a: Starmie
|-damage|p2a: Starmie|57/100
|
|-heal|p1a: Golem|97/100|[from] item: Leftovers
|upkeep
|turn|11

|
|switch|p1a: Snorlax|Snorlax, M|100/100
|move|p2a: Starmie|Recover|p2a: Starmie
|-heal|p2a: Starmie|100/100
|
|upkeep
|turn|12

|
|switch|p2a: Misdreavus|Misdreavus, M|100/100
|switch|p1a: Golem|Golem, M|97/100
|
|-heal|p1a: Golem|100/100|[from] item: Leftovers
|upkeep
|turn|13

|
|switch|p2a: Starmie|Starmie|100/100
|move|p1a: Golem|Earthquake|p2a: Starmie
|-damage|p2a: Starmie|57/100
|
|upkeep
|turn|14

|
|move|p2a: Starmie|Recover|p2a: Starmie
|-heal|p2a: Starmie|100/100
|move|p1a: Golem|Earthquake|p2a: Starmie
|-damage|p2a: Starmie|58/100
|
|upkeep
|turn|15

|
|switch|p1a: Misdreavus|Misdreavus, M|100/100
|move|p2a: Starmie|Surf|p1a: Misdreavus
|-damage|p1a: Misdreavus|59/100
|
|-heal|p1a: Misdreavus|65/100|[from] item: Leftovers
|upkeep
|turn|16

|
|move|p2a: Starmie|Recover|p2a: Starmie
|-heal|p2a: Starmie|100/100
|move|p1a: Misdreavus|Mean Look|p2a: Starmie
|-activate|p2a: Starmie|trapped
|
|-heal|p1a: Misdreavus|71/100|[from] item: Leftovers
|upkeep
|turn|17

|
|move|p1a: Misdreavus|Protect|p1a: Misdreavus
|-singleturn|p1a: Misdreavus|Protect
|move|p2a: Starmie|Surf|p1a: Misdreavus
|-activate|p1a: Misdreavus|Protect
|
|-heal|p1a: Misdreavus|78/100|[from] item: Leftovers
|upkeep
|turn|18

|
|move|p2a: Starmie|Surf|p1a: Misdreavus
|-damage|p1a: Misdreavus|42/100
|move|p1a: Misdreavus|Perish Song|p1a: Misdreavus
|-start|p1a: Misdreavus|perish3|[silent]
|-start|p2a: Starmie|perish3|[silent]
|-fieldactivate|move: Perish Song
|
|-heal|p1a: Misdreavus|48/100|[from] item: Leftovers
|-start|p2a: Starmie|perish3
|-start|p1a: Misdreavus|perish3
|upkeep
|turn|19

|
|move|p2a: Starmie|Psychic|p1a: Misdreavus
|-damage|p1a: Misdreavus|12/100
|-unboost|p1a: Misdreavus|spd|1
|move|p1a: Misdreavus|Pain Split|p2a: Starmie
|-sethp|p2a: Starmie|56/100|[from] move: Pain Split|[silent]
|-sethp|p1a: Misdreavus|56/100|[from] move: Pain Split
|
|-heal|p1a: Misdreavus|62/100|[from] item: Leftovers
|-start|p2a: Starmie|perish2
|-start|p1a: Misdreavus|perish2
|upkeep
|turn|20

|
|move|p1a: Misdreavus|Protect|p1a: Misdreavus
|-singleturn|p1a: Misdreavus|Protect
|move|p2a: Starmie|Surf|p1a: Misdreavus
|-activate|p1a: Misdreavus|Protect
|
|-heal|p1a: Misdreavus|68/100|[from] item: Leftovers
|-start|p2a: Starmie|perish1
|-start|p1a: Misdreavus|perish1
|upkeep
|turn|21

|
|switch|p1a: Snorlax|Snorlax, M|100/100
|move|p2a: Starmie|Surf|p1a: Snorlax
|-damage|p1a: Snorlax|81/100
|
|-heal|p1a: Snorlax|87/100|[from] item: Leftovers
|-start|p2a: Starmie|perish0
|upkeep
|faint|p2a: Starmie

|
|switch|p2a: Marowak|Marowak, M|100/100
|turn|22

|
|switch|p1a: Lapras|Lapras, M|73/100
|move|p2a: Marowak|Substitute|p2a: Marowak
|-start|p2a: Marowak|Substitute
|-damage|p2a: Marowak|76/100
|
|-heal|p1a: Lapras|79/100|[from] item: Leftovers
|upkeep
|turn|23

|
|move|p1a: Lapras|Surf|p2a: Marowak
|-supereffective|p2a: Marowak
|-end|p2a: Marowak|Substitute
|move|p2a: Marowak|Rock Slide|p1a: Lapras
|-supereffective|p1a: Lapras
|-damage|p1a: Lapras|24/100
|
|-heal|p1a: Lapras|30/100|[from] item: Leftovers
|upkeep
|turn|24

|
|switch|p2a: Zapdos|Zapdos|100/100
|move|p1a: Lapras|Surf|p2a: Zapdos
|-damage|p2a: Zapdos|72/100
|
|-heal|p1a: Lapras|36/100|[from] item: Leftovers
|upkeep
|turn|25

|-message|lolthisteamisajk forfeited.

|
|win|Carlyle 62