|init|battle
|title|geenyus vs. sbls
|j|☆geenyus
|j|☆sbls
|player|p1|geenyus|5|1625
|player|p2|sbls|165|1308
|teamsize|p1|6
|teamsize|p2|6
|gametype|singles
|gen|2
|tier|[Gen 2] OU
|rated|
|rule|Sleep Clause Mod: Limit one foe put to sleep
|rule|Freeze Clause Mod: Limit one foe frozen
|rule|Species Clause: Limit one of each Pokémon
|rule|OHKO Clause: OHKO moves are banned
|rule|Evasion Moves Clause: Evasion moves are banned
|rule|HP Percentage Mod: HP is shown in percentages
|
|start
|switch|p1a: Fish Queen|Jynx, F|100/100
|switch|p2a: Snorlax|Snorlax, M|100/100
|turn|1

|inactive|Battle timer is ON: inactive players will automatically lose when time's up. (requested by sbls)

|
|switch|p2a: Umbreon|Umbreon, M|100/100
|move|p1a: Fish Queen|Lovely Kiss|p2a: Umbreon
|-status|p2a: Umbreon|slp|[from] move: Lovely Kiss
|
|upkeep
|turn|2

|
|switch|p1a: Cloyster|Cloyster, M|100/100
|switch|p2a: Snorlax|Snorlax, M|100/100
|
|upkeep
|turn|3

|
|switch|p2a: Raikou|Raikou|100/100
|move|p1a: Cloyster|Spikes|p2a: Raikou
|-sidestart|p2: sbls|Spikes
|
|upkeep
|turn|4

|
|switch|p1a: Nidoking|Nidoking, M|100/100
|move|p2a: Raikou|Hidden Power|p1a: Nidoking
|-supereffective|p1a: Nidoking
|-damage|p1a: Nidoking|61/100
|
|upkeep
|turn|5

|
|move|p2a: Raikou|Hidden Power|p1a: Nidoking
|-supereffective|p1a: Nidoking
|-damage|p1a: Nidoking|22/100
|move|p1a: Nidoking|Thief|p2a: Raikou
|-damage|p2a: Raikou|93/100
|-item|p1a: Nidoking|Leftovers|[from] move: Thief|[of] p2a: Raikou
|
|-heal|p1a: Nidoking|28/100|[from] item: Leftovers
|upkeep
|turn|6

|
|switch|p1a: Snorlax|Snorlax, M|100/100
|move|p2a: Raikou|Hidden Power|p1a: Snorlax
|-crit|p1a: Snorlax
|-damage|p1a: Snorlax|78/100
|
|-heal|p1a: Snorlax|84/100|[from] item: Leftovers
|upkeep
|turn|7

|j| Gen7OUOU

|
|switch|p1a: Zapdos|Zapdos|100/100
|move|p2a: Raikou|Thunder|p1a: Zapdos
|-damage|p1a: Zapdos|60/100
|
|-heal|p1a: Zapdos|66/100|[from] item: Leftovers
|upkeep
|turn|8

|
|switch|p1a: Snorlax|Snorlax, M|84/100
|move|p2a: Raikou|Thunder|p1a: Snorlax|[miss]
|-miss|p2a: Raikou
|
|-heal|p1a: Snorlax|91/100|[from] item: Leftovers
|upkeep
|turn|9

|
|move|p2a: Raikou|Thunder|p1a: Snorlax|[miss]
|-miss|p2a: Raikou
|move|p1a: Snorlax|Earthquake|p2a: Raikou
|-supereffective|p2a: Raikou
|-damage|p2a: Raikou|40/100
|
|-heal|p1a: Snorlax|97/100|[from] item: Leftovers
|upkeep
|turn|10

|
|switch|p2a: Cloyster|Cloyster, M|100/100
|-damage|p2a: Cloyster|88/100|[from] Spikes
|move|p1a: Snorlax|Earthquake|p2a: Cloyster
|-crit|p2a: Cloyster
|-damage|p2a: Cloyster|53/100
|
|-heal|p2a: Cloyster|59/100|[from] item: Leftovers
|-heal|p1a: Snorlax|100/100|[from] item: Leftovers
|upkeep
|turn|11

|l| Gen7OUOU

|
|switch|p1a: Gengar|Gengar, M|100/100
|move|p2a: Cloyster|Spikes|p1a: Gengar
|-sidestart|p1: geenyus|Spikes
|
|-heal|p2a: Cloyster|65/100|[from] item: Leftovers
|upkeep
|turn|12

|
|switch|p1a: Snorlax|Snorlax, M|100/100
|-damage|p1a: Snorlax|88/100|[from] Spikes
|switch|p2a: Snorlax|Snorlax, M|100/100
|-damage|p2a: Snorlax|88/100|[from] Spikes
|
|-heal|p1a: Snorlax|94/100|[from] item: Leftovers
|-heal|p2a: Snorlax|94/100|[from] item: Leftovers
|upkeep
|turn|13

|
|move|p2a: Snorlax|Lovely Kiss|p1a: Snorlax
|-status|p1a: Snorlax|slp|[from] move: Lovely Kiss
|cant|p1a: Snorlax|slp
|
|-heal|p1a: Snorlax|99/100 slp|[from] item: Leftovers
|-heal|p2a: Snorlax|99/100|[from] item: Leftovers
|upkeep
|turn|14

|
|cant|p1a: Snorlax|slp
|move|p2a: Snorlax|Double-Edge|p1a: Snorlax
|-damage|p1a: Snorlax|66/100 slp
|-damage|p2a: Snorlax|92/100|[from] Recoil|[of] p1a: Snorlax
|
|-heal|p1a: Snorlax|72/100 slp|[from] item: Leftovers
|-heal|p2a: Snorlax|98/100|[from] item: Leftovers
|upkeep
|turn|15

|
|switch|p1a: Gengar|Gengar, M|100/100
|-damage|p1a: Gengar|88/100|[from] Spikes
|move|p2a: Snorlax|Earthquake|p1a: Gengar
|-crit|p1a: Gengar
|-supereffective|p1a: Gengar
|-damage|p1a: Gengar|0 fnt
|faint|p1a: Gengar

|
|switch|p1a: Cloyster|Cloyster, M|100/100
|-damage|p1a: Cloyster|88/100|[from] Spikes
|
|-heal|p1a: Cloyster|94/100|[from] item: Leftovers
|-heal|p2a: Snorlax|100/100|[from] item: Leftovers
|upkeep
|turn|16

|
|move|p1a: Cloyster|Surf|p2a: Snorlax
|-damage|p2a: Snorlax|83/100
|move|p2a: Snorlax|Fire Blast|p1a: Cloyster
|-damage|p1a: Cloyster|53/100
|
|-heal|p1a: Cloyster|59/100|[from] item: Leftovers
|-heal|p2a: Snorlax|89/100|[from] item: Leftovers
|upkeep
|turn|17

|
|switch|p2a: Umbreon|Umbreon, M|100/100 slp
|-damage|p2a: Umbreon|88/100 slp|[from] Spikes
|move|p1a: Cloyster|Surf|p2a: Umbreon
|-damage|p2a: Umbreon|65/100 slp
|
|-heal|p1a: Cloyster|65/100|[from] item: Leftovers
|-heal|p2a: Umbreon|71/100 slp|[from] item: Leftovers
|upkeep
|turn|18

|
|switch|p1a: Nidoking|Nidoking, M|28/100
|-damage|p1a: Nidoking|15/100|[from] Spikes
|cant|p2a: Umbreon|slp
|
|-heal|p1a: Nidoking|21/100|[from] item: Leftovers
|-heal|p2a: Umbreon|77/100 slp|[from] item: Leftovers
|upkeep
|turn|19

|
|switch|p2a: Cloyster|Cloyster, M|65/100
|-damage|p2a: Cloyster|53/100|[from] Spikes
|move|p1a: Nidoking|Earthquake|p2a: Cloyster
|-damage|p2a: Cloyster|29/100
|
|-heal|p1a: Nidoking|27/100|[from] item: Leftovers
|-heal|p2a: Cloyster|35/100|[from] item: Leftovers
|upkeep
|turn|20

|
|switch|p1a: Cloyster|Cloyster, M|65/100
|-damage|p1a: Cloyster|53/100|[from] Spikes
|move|p2a: Cloyster|Surf|p1a: Cloyster
|-resisted|p1a: Cloyster
|-damage|p1a: Cloyster|26/100
|
|-heal|p2a: Cloyster|41/100|[from] item: Leftovers
|-heal|p1a: Cloyster|32/100|[from] item: Leftovers
|upkeep
|turn|21

|
|move|p1a: Cloyster|Hidden Power|p2a: Cloyster
|-supereffective|p2a: Cloyster
|-damage|p2a: Cloyster|0 fnt
|faint|p2a: Cloyster

|
|switch|p2a: Snorlax|Snorlax, M|89/100
|-damage|p2a: Snorlax|77/100|[from] Spikes
|
|-heal|p1a: Cloyster|37/100|[from] item: Leftovers
|-heal|p2a: Snorlax|83/100|[from] item: Leftovers
|upkeep
|turn|22

|
|move|p1a: Cloyster|Explosion|p2a: Snorlax
|-damage|p2a: Snorlax|0 fnt
|faint|p1a: Cloyster
|faint|p2a: Snorlax

|
|switch|p1a: Zapdos|Zapdos|66/100
|switch|p2a: Raikou|Raikou|40/100
|-damage|p2a: Raikou|28/100|[from] Spikes
|
|-heal|p1a: Zapdos|72/100|[from] item: Leftovers
|upkeep
|turn|23

|
|move|p2a: Raikou|Thunder|p1a: Zapdos|[miss]
|-miss|p2a: Raikou
|move|p1a: Zapdos|Rest|p1a: Zapdos
|-status|p1a: Zapdos|slp|[from] move: Rest
|-heal|p1a: Zapdos|100/100 slp|[silent]
|
|upkeep
|turn|24

|
|move|p2a: Raikou|Rest|p2a: Raikou
|-status|p2a: Raikou|slp|[from] move: Rest
|-heal|p2a: Raikou|100/100 slp|[silent]
|cant|p1a: Zapdos|slp
|move|p1a: Zapdos|Sleep Talk|p1a: Zapdos
|move|p1a: Zapdos|Thunder|p2a: Raikou|[from]Sleep Talk
|-resisted|p2a: Raikou
|-damage|p2a: Raikou|79/100 slp
|
|upkeep
|turn|25

|
|switch|p2a: Exeggutor|Exeggutor, M|100/100
|-damage|p2a: Exeggutor|88/100|[from] Spikes
|switch|p1a: Snorlax|Snorlax, M|72/100 slp
|-damage|p1a: Snorlax|59/100 slp|[from] Spikes
|
|-heal|p2a: Exeggutor|94/100|[from] item: Leftovers
|-heal|p1a: Snorlax|65/100 slp|[from] item: Leftovers
|upkeep
|turn|26

|
|switch|p1a: Fish Queen|Jynx, F|100/100
|-damage|p1a: Fish Queen|88/100|[from] Spikes
|move|p2a: Exeggutor|Psychic|p1a: Fish Queen
|-crit|p1a: Fish Queen
|-resisted|p1a: Fish Queen
|-damage|p1a: Fish Queen|53/100
|
|-heal|p1a: Fish Queen|59/100|[from] item: Leftovers
|-heal|p2a: Exeggutor|99/100|[from] item: Leftovers
|upkeep
|turn|27

|
|move|p1a: Fish Queen|Substitute|p1a: Fish Queen
|-start|p1a: Fish Queen|Substitute
|-damage|p1a: Fish Queen|34/100
|move|p2a: Exeggutor|Stun Spore|p1a: Fish Queen
|-activate|p1a: Fish Queen|Substitute|[block] Stun Spore
|
|-heal|p1a: Fish Queen|40/100|[from] item: Leftovers
|-heal|p2a: Exeggutor|100/100|[from] item: Leftovers
|upkeep
|turn|28

|
|switch|p2a: Charizard|Charizard, M|100/100
|move|p1a: Fish Queen|Ice Beam|p2a: Charizard
|-damage|p2a: Charizard|63/100
|
|-heal|p1a: Fish Queen|46/100|[from] item: Leftovers
|upkeep
|turn|29

|
|move|p2a: Charizard|Fire Blast|p1a: Fish Queen
|-supereffective|p1a: Fish Queen
|-end|p1a: Fish Queen|Substitute
|move|p1a: Fish Queen|Ice Beam|p2a: Charizard
|-damage|p2a: Charizard|23/100
|
|-heal|p1a: Fish Queen|52/100|[from] item: Leftovers
|upkeep
|turn|30

|
|switch|p1a: Zapdos|Zapdos|100/100 slp
|move|p2a: Charizard|Fire Blast|p1a: Zapdos
|-damage|p1a: Zapdos|61/100 slp
|
|-heal|p1a: Zapdos|67/100 slp|[from] item: Leftovers
|upkeep
|turn|31

|
|move|p2a: Charizard|Rock Slide|p1a: Zapdos
|-supereffective|p1a: Zapdos
|-damage|p1a: Zapdos|35/100 slp
|cant|p1a: Zapdos|slp
|move|p1a: Zapdos|Sleep Talk|p1a: Zapdos
|move|p1a: Zapdos|Hidden Power|p2a: Charizard|[from]Sleep Talk
|-damage|p2a: Charizard|3/100
|
|-heal|p1a: Zapdos|41/100 slp|[from] item: Leftovers
|upkeep
|turn|32

|j| Gen7OUOU

|
|move|p2a: Charizard|Rock Slide|p1a: Zapdos
|-supereffective|p1a: Zapdos
|-damage|p1a: Zapdos|8/100 slp
|-curestatus|p1a: Zapdos|slp|[msg]
|move|p1a: Zapdos|Hidden Power|p2a: Charizard
|-damage|p2a: Charizard|0 fnt
|faint|p2a: Charizard

|
|switch|p2a: Exeggutor|Exeggutor, M|100/100
|-damage|p2a: Exeggutor|88/100|[from] Spikes
|
|-heal|p1a: Zapdos|14/100|[from] item: Leftovers
|-heal|p2a: Exeggutor|94/100|[from] item: Leftovers
|upkeep
|turn|33

|
|move|p1a: Zapdos|Rest|p1a: Zapdos
|-status|p1a: Zapdos|slp|[from] move: Rest
|-heal|p1a: Zapdos|100/100 slp|[silent]
|move|p2a: Exeggutor|Stun Spore||[still]
|-fail|p2a: Exeggutor
|
|-heal|p2a: Exeggutor|99/100|[from] item: Leftovers
|upkeep
|turn|34

|
|cant|p1a: Zapdos|slp
|move|p1a: Zapdos|Sleep Talk|p1a: Zapdos
|move|p1a: Zapdos|Hidden Power|p2a: Exeggutor|[from]Sleep Talk
|-supereffective|p2a: Exeggutor
|-damage|p2a: Exeggutor|57/100
|move|p2a: Exeggutor|Psychic|p1a: Zapdos
|-crit|p1a: Zapdos
|-damage|p1a: Zapdos|29/100 slp
|
|-heal|p1a: Zapdos|35/100 slp|[from] item: Leftovers
|-heal|p2a: Exeggutor|63/100|[from] item: Leftovers
|upkeep
|turn|35

|
|cant|p1a: Zapdos|slp
|move|p1a: Zapdos|Sleep Talk|p1a: Zapdos
|move|p1a: Zapdos|Rest|p1a: Zapdos|[from]Sleep Talk
|-status|p1a: Zapdos|slp|[from] move: Rest
|-heal|p1a: Zapdos|100/100 slp|[silent]
|move|p2a: Exeggutor|Psychic|p1a: Zapdos
|-damage|p1a: Zapdos|65/100 slp
|
|-heal|p1a: Zapdos|71/100 slp|[from] item: Leftovers
|-heal|p2a: Exeggutor|69/100|[from] item: Leftovers
|upkeep
|turn|36

|
|cant|p1a: Zapdos|slp
|move|p1a: Zapdos|Sleep Talk|p1a: Zapdos
|move|p1a: Zapdos|Rest|p1a: Zapdos|[from]Sleep Talk
|-status|p1a: Zapdos|slp|[from] move: Rest
|-heal|p1a: Zapdos|100/100 slp|[silent]
|move|p2a: Exeggutor|Psychic|p1a: Zapdos
|-damage|p1a: Zapdos|67/100 slp
|
|-heal|p1a: Zapdos|73/100 slp|[from] item: Leftovers
|-heal|p2a: Exeggutor|76/100|[from] item: Leftovers
|upkeep
|turn|37

|l| Gen7OUOU

|
|cant|p1a: Zapdos|slp
|move|p1a: Zapdos|Sleep Talk|p1a: Zapdos
|move|p1a: Zapdos|Rest|p1a: Zapdos|[from]Sleep Talk
|-status|p1a: Zapdos|slp|[from] move: Rest
|-heal|p1a: Zapdos|100/100 slp|[silent]
|move|p2a: Exeggutor|Psychic|p1a: Zapdos
|-damage|p1a: Zapdos|64/100 slp
|
|-heal|p1a: Zapdos|70/100 slp|[from] item: Leftovers
|-heal|p2a: Exeggutor|82/100|[from] item: Leftovers
|upkeep
|turn|38

|c|☆sbls|gg

|
|cant|p1a: Zapdos|slp
|move|p1a: Zapdos|Sleep Talk|p1a: Zapdos
|move|p1a: Zapdos|Rest|p1a: Zapdos|[from]Sleep Talk
|-status|p1a: Zapdos|slp|[from] move: Rest
|-heal|p1a: Zapdos|100/100 slp|[silent]
|move|p2a: Exeggutor|Explosion|p1a: Zapdos
|-damage|p1a: Zapdos|0 fnt
|faint|p2a: Exeggutor
|faint|p1a: Zapdos

|
|switch|p1a: Nidoking|Nidoking, M|27/100
|switch|p2a: Umbreon|Umbreon, M|77/100 slp
|-damage|p1a: Nidoking|15/100|[from] Spikes
|-damage|p2a: Umbreon|64/100 slp|[from] Spikes
|
|-heal|p1a: Nidoking|21/100|[from] item: Leftovers
|-heal|p2a: Umbreon|70/100 slp|[from] item: Leftovers
|upkeep
|turn|39

|
|move|p1a: Nidoking|Earthquake|p2a: Umbreon
|-damage|p2a: Umbreon|46/100 slp
|cant|p2a: Umbreon|slp
|
|-heal|p1a: Nidoking|27/100|[from] item: Leftovers
|-heal|p2a: Umbreon|52/100 slp|[from] item: Leftovers
|upkeep
|turn|40

|
|move|p1a: Nidoking|Earthquake|p2a: Umbreon
|-damage|p2a: Umbreon|23/100 slp
|cant|p2a: Umbreon|slp
|
|-heal|p1a: Nidoking|33/100|[from] item: Leftovers
|-heal|p2a: Umbreon|29/100 slp|[from] item: Leftovers
|upkeep
|turn|41

|
|move|p1a: Nidoking|Earthquake|p2a: Umbreon
|-damage|p2a: Umbreon|4/100 slp
|-curestatus|p2a: Umbreon|slp|[msg]
|move|p2a: Umbreon|Rest|p2a: Umbreon
|-status|p2a: Umbreon|slp|[from] move: Rest
|-heal|p2a: Umbreon|100/100 slp|[silent]
|
|-heal|p1a: Nidoking|39/100|[from] item: Leftovers
|upkeep
|turn|42

|
|move|p1a: Nidoking|Earthquake|p2a: Umbreon
|-damage|p2a: Umbreon|74/100 slp
|cant|p2a: Umbreon|slp
|
|-heal|p1a: Nidoking|45/100|[from] item: Leftovers
|-heal|p2a: Umbreon|80/100 slp|[from] item: Leftovers
|upkeep
|turn|43

|
|cant|p2a: Umbreon|slp
|move|p1a: Nidoking|Roar|p2a: Umbreon
|drag|p2a: Raikou|Raikou|79/100 slp
|-damage|p2a: Raikou|67/100 slp|[from] Spikes
|
|-heal|p1a: Nidoking|51/100|[from] item: Leftovers
|upkeep
|turn|44

|-message|sbls forfeited.

|
|win|geenyus