|init|battle
|title|Naeole1 vs. Shrimpknight67
|j|☆Naeole1
|j|☆Shrimpknight67
|player|p1|Naeole1|102|
|player|p2|Shrimpknight67|265|
|teamsize|p1|6
|teamsize|p2|6
|gametype|singles
|gen|2
|tier|[Gen 2] OU
|rule|Sleep Clause Mod: Limit one foe put to sleep
|rule|Freeze Clause Mod: Limit one foe frozen
|rule|Species Clause: Limit one of each Pokémon
|rule|OHKO Clause: OHKO moves are banned
|rule|Evasion Moves Clause: Evasion moves are banned
|rule|HP Percentage Mod: HP is shown in percentages
|
|start
|switch|p1a: Snorlax|Snorlax, M|100/100
|switch|p2a: Snorlax|Snorlax, M|100/100
|turn|1

|
|move|p2a: Snorlax|Curse|p2a: Snorlax
|-unboost|p2a: Snorlax|spe|1
|-boost|p2a: Snorlax|atk|1
|-boost|p2a: Snorlax|def|1
|move|p1a: Snorlax|Curse|p1a: Snorlax
|-unboost|p1a: Snorlax|spe|1
|-boost|p1a: Snorlax|atk|1
|-boost|p1a: Snorlax|def|1
|
|upkeep
|turn|2

|
|move|p2a: Snorlax|Body Slam|p1a: Snorlax
|-damage|p1a: Snorlax|74/100
|move|p1a: Snorlax|Double-Edge|p2a: Snorlax
|-damage|p2a: Snorlax|60/100
|-damage|p1a: Snorlax|64/100|[from] Recoil|[of] p2a: Snorlax
|
|-heal|p1a: Snorlax|70/100|[from] item: Leftovers
|-heal|p2a: Snorlax|66/100|[from] item: Leftovers
|upkeep
|turn|3

|
|move|p2a: Snorlax|Body Slam|p1a: Snorlax
|-damage|p1a: Snorlax|43/100
|move|p1a: Snorlax|Double-Edge|p2a: Snorlax
|-damage|p2a: Snorlax|27/100
|-damage|p1a: Snorlax|33/100|[from] Recoil|[of] p2a: Snorlax
|
|-heal|p1a: Snorlax|39/100|[from] item: Leftovers
|-heal|p2a: Snorlax|33/100|[from] item: Leftovers
|upkeep
|turn|4

|
|move|p1a: Snorlax|Rest|p1a: Snorlax
|-status|p1a: Snorlax|slp|[from] move: Rest
|-heal|p1a: Snorlax|100/100 slp|[silent]
|move|p2a: Snorlax|Double-Edge|p1a: Snorlax
|-damage|p1a: Snorlax|60/100 slp
|-damage|p2a: Snorlax|23/100|[from] Recoil|[of] p1a: Snorlax
|
|-heal|p1a: Snorlax|66/100 slp|[from] item: Leftovers
|-heal|p2a: Snorlax|29/100|[from] item: Leftovers
|upkeep
|turn|5

|
|move|p2a: Snorlax|Curse|p2a: Snorlax
|-unboost|p2a: Snorlax|spe|1
|-boost|p2a: Snorlax|atk|1
|-boost|p2a: Snorlax|def|1
|cant|p1a: Snorlax|slp
|
|-heal|p1a: Snorlax|73/100 slp|[from] item: Leftovers
|-heal|p2a: Snorlax|35/100|[from] item: Leftovers
|upkeep
|turn|6

|
|cant|p1a: Snorlax|slp
|move|p2a: Snorlax|Curse|p2a: Snorlax
|-unboost|p2a: Snorlax|spe|1
|-boost|p2a: Snorlax|atk|1
|-boost|p2a: Snorlax|def|1
|
|-heal|p1a: Snorlax|79/100 slp|[from] item: Leftovers
|-heal|p2a: Snorlax|41/100|[from] item: Leftovers
|upkeep
|turn|7

|
|-curestatus|p1a: Snorlax|slp|[msg]
|move|p1a: Snorlax|Double-Edge|p2a: Snorlax
|-damage|p2a: Snorlax|18/100
|-damage|p1a: Snorlax|73/100|[from] Recoil|[of] p2a: Snorlax
|move|p2a: Snorlax|Curse|p2a: Snorlax
|-unboost|p2a: Snorlax|spe|1
|-boost|p2a: Snorlax|atk|1
|-boost|p2a: Snorlax|def|1
|
|-heal|p1a: Snorlax|79/100|[from] item: Leftovers
|-heal|p2a: Snorlax|24/100|[from] item: Leftovers
|upkeep
|turn|8

|
|move|p1a: Snorlax|Curse|p1a: Snorlax
|-unboost|p1a: Snorlax|spe|1
|-boost|p1a: Snorlax|atk|1
|-boost|p1a: Snorlax|def|1
|move|p2a: Snorlax|Double-Edge|p1a: Snorlax
|-damage|p1a: Snorlax|21/100
|-damage|p2a: Snorlax|10/100|[from] Recoil|[of] p1a: Snorlax
|
|-heal|p1a: Snorlax|27/100|[from] item: Leftovers
|-heal|p2a: Snorlax|16/100|[from] item: Leftovers
|upkeep
|turn|9

|
|move|p1a: Snorlax|Double-Edge|p2a: Snorlax
|-damage|p2a: Snorlax|0 fnt
|-damage|p1a: Snorlax|23/100|[from] Recoil|[of] p2a: Snorlax
|faint|p2a: Snorlax

|
|switch|p2a: Vaporeon|Vaporeon, M|100/100
|
|-heal|p1a: Snorlax|30/100|[from] item: Leftovers
|upkeep
|turn|10

|
|move|p2a: Vaporeon|Rain Dance|p2a: Vaporeon
|-weather|RainDance
|move|p1a: Snorlax|Rest|p1a: Snorlax
|-status|p1a: Snorlax|slp|[from] move: Rest
|-heal|p1a: Snorlax|100/100 slp|[silent]
|
|-weather|RainDance|[upkeep]
|upkeep
|turn|11

|
|switch|p2a: Raikou|Raikou|100/100
|cant|p1a: Snorlax|slp
|
|-weather|RainDance|[upkeep]
|upkeep
|turn|12

|
|move|p2a: Raikou|Thunderbolt|p1a: Snorlax
|-damage|p1a: Snorlax|77/100 slp
|cant|p1a: Snorlax|slp
|
|-weather|RainDance|[upkeep]
|-heal|p1a: Snorlax|83/100 slp|[from] item: Leftovers
|upkeep
|turn|13

|
|move|p2a: Raikou|Thunder|p1a: Snorlax
|-damage|p1a: Snorlax|51/100 slp
|-curestatus|p1a: Snorlax|slp|[msg]
|move|p1a: Snorlax|Curse|p1a: Snorlax
|-unboost|p1a: Snorlax|spe|1
|-boost|p1a: Snorlax|atk|1
|-boost|p1a: Snorlax|def|1
|
|-weather|RainDance|[upkeep]
|-heal|p1a: Snorlax|57/100|[from] item: Leftovers
|upkeep
|turn|14

|
|move|p2a: Raikou|Thunder|p1a: Snorlax
|-damage|p1a: Snorlax|27/100
|move|p1a: Snorlax|Earthquake|p2a: Raikou
|-supereffective|p2a: Raikou
|-damage|p2a: Raikou|0 fnt
|faint|p2a: Raikou

|
|switch|p2a: Gengar|Gengar, M|100/100
|
|-weather|none
|-heal|p1a: Snorlax|33/100|[from] item: Leftovers
|upkeep
|turn|15

|
|move|p2a: Gengar|Thunderbolt|p1a: Snorlax
|-damage|p1a: Snorlax|17/100
|move|p1a: Snorlax|Earthquake|p2a: Gengar
|-supereffective|p2a: Gengar
|-damage|p2a: Gengar|0 fnt
|faint|p2a: Gengar

|
|switch|p2a: Heracross|Heracross, M|100/100
|
|-heal|p1a: Snorlax|23/100|[from] item: Leftovers
|upkeep
|turn|16

|
|move|p2a: Heracross|Toxic|p1a: Snorlax
|-status|p1a: Snorlax|tox
|move|p1a: Snorlax|Rest|p1a: Snorlax
|-status|p1a: Snorlax|slp|[from] move: Rest
|-heal|p1a: Snorlax|100/100 slp|[silent]
|
|upkeep
|turn|17

|
|switch|p2a: Vaporeon|Vaporeon, M|100/100
|cant|p1a: Snorlax|slp
|
|upkeep
|turn|18

|c|☆Shrimpknight67|oh shit forgot about this boi

|
|move|p2a: Vaporeon|Haze|p2a: Vaporeon
|-clearallboost
|cant|p1a: Snorlax|slp
|
|upkeep
|turn|19

|c|☆Naeole1|darn

|
|move|p2a: Vaporeon|Rain Dance|p2a: Vaporeon
|-weather|RainDance
|-curestatus|p1a: Snorlax|slp|[msg]
|move|p1a: Snorlax|Curse|p1a: Snorlax
|-unboost|p1a: Snorlax|spe|1
|-boost|p1a: Snorlax|atk|1
|-boost|p1a: Snorlax|def|1
|
|-weather|RainDance|[upkeep]
|upkeep
|turn|20

|
|move|p2a: Vaporeon|Hydro Pump|p1a: Snorlax
|-crit|p1a: Snorlax
|-damage|p1a: Snorlax|17/100
|move|p1a: Snorlax|Double-Edge|p2a: Vaporeon
|-damage|p2a: Vaporeon|37/100
|-damage|p1a: Snorlax|3/100|[from] Recoil|[of] p2a: Vaporeon
|
|-weather|RainDance|[upkeep]
|-heal|p2a: Vaporeon|43/100|[from] item: Leftovers
|-heal|p1a: Snorlax|9/100|[from] item: Leftovers
|upkeep
|turn|21

|
|switch|p1a: Starmie|Starmie|100/100
|move|p2a: Vaporeon|Ice Beam|p1a: Starmie
|-resisted|p1a: Starmie
|-damage|p1a: Starmie|86/100
|
|-weather|RainDance|[upkeep]
|-heal|p1a: Starmie|92/100|[from] item: Leftovers
|-heal|p2a: Vaporeon|49/100|[from] item: Leftovers
|upkeep
|turn|22

|
|move|p1a: Starmie|Psychic|p2a: Vaporeon
|-damage|p2a: Vaporeon|24/100
|move|p2a: Vaporeon|Ice Beam|p1a: Starmie
|-resisted|p1a: Starmie
|-damage|p1a: Starmie|79/100
|
|-weather|RainDance|[upkeep]
|-heal|p1a: Starmie|86/100|[from] item: Leftovers
|-heal|p2a: Vaporeon|31/100|[from] item: Leftovers
|upkeep
|turn|23

|
|move|p1a: Starmie|Psychic|p2a: Vaporeon
|-damage|p2a: Vaporeon|6/100
|move|p2a: Vaporeon|Ice Beam|p1a: Starmie
|-resisted|p1a: Starmie
|-damage|p1a: Starmie|71/100
|
|-weather|none
|-heal|p1a: Starmie|78/100|[from] item: Leftovers
|-heal|p2a: Vaporeon|12/100|[from] item: Leftovers
|upkeep
|turn|24

|
|move|p1a: Starmie|Psychic|p2a: Vaporeon
|-damage|p2a: Vaporeon|0 fnt
|faint|p2a: Vaporeon

|
|switch|p2a: Heracross|Heracross, M|100/100
|
|-heal|p1a: Starmie|84/100|[from] item: Leftovers
|upkeep
|turn|25

|
|move|p1a: Starmie|Surf|p2a: Heracross
|-crit|p2a: Heracross
|-damage|p2a: Heracross|38/100
|move|p2a: Heracross|Megahorn|p1a: Starmie
|-supereffective|p1a: Starmie
|-damage|p1a: Starmie|0 fnt
|faint|p1a: Starmie

|
|switch|p1a: Skarmory|Skarmory, M|100/100
|
|upkeep
|turn|26

|
|switch|p2a: Golem|Golem, M|100/100
|move|p1a: Skarmory|Drill Peck|p2a: Golem
|-resisted|p2a: Golem
|-damage|p2a: Golem|91/100
|
|upkeep
|turn|27

|
|switch|p1a: Valli|Blissey, F|100/100
|move|p2a: Golem|Explosion|p1a: Valli
|-damage|p1a: Valli|0 fnt
|faint|p2a: Golem
|faint|p1a: Valli

|
|switch|p1a: Zapdos|Zapdos|100/100
|switch|p2a: Heracross|Heracross, M|38/100
|
|upkeep
|turn|28

|
|switch|p1a: Skarmory|Skarmory, M|100/100
|move|p2a: Heracross|Return|p1a: Skarmory
|-resisted|p1a: Skarmory
|-damage|p1a: Skarmory|90/100
|
|-heal|p1a: Skarmory|96/100|[from] item: Leftovers
|upkeep
|turn|29

|
|move|p2a: Heracross|Return|p1a: Skarmory
|-resisted|p1a: Skarmory
|-damage|p1a: Skarmory|85/100
|move|p1a: Skarmory|Drill Peck|p2a: Heracross
|-supereffective|p2a: Heracross
|-damage|p2a: Heracross|0 fnt
|faint|p2a: Heracross
|
|win|Naeole1