|init|battle
|title|Gen7OUOU vs. FuzyMC
|j|☆Gen7OUOU
|j|☆FuzyMC
|player|p1|Gen7OUOU|129|1235
|player|p2|FuzyMC|254|1370
|teamsize|p1|6
|teamsize|p2|6
|gametype|singles
|gen|2
|tier|[Gen 2] OU
|rated|
|rule|Sleep Clause Mod: Limit one foe put to sleep
|rule|Freeze Clause Mod: Limit one foe frozen
|rule|Species Clause: Limit one of each Pokémon
|rule|OHKO Clause: OHKO moves are banned
|rule|Evasion Moves Clause: Evasion moves are banned
|rule|HP Percentage Mod: HP is shown in percentages
|
|start
|switch|p1a: Blissey|Blissey, F|100/100
|switch|p2a: Snorlax|Snorlax, M|100/100
|turn|1

|
|switch|p1a: Machamp|Machamp, M|100/100
|switch|p2a: Cloyster|Cloyster, M|100/100
|
|upkeep
|turn|2

|
|move|p2a: Cloyster|Spikes|p1a: Machamp
|-sidestart|p1: Gen7OUOU|Spikes
|move|p1a: Machamp|Cross Chop|p2a: Cloyster
|-crit|p2a: Cloyster
|-supereffective|p2a: Cloyster
|-damage|p2a: Cloyster|0 fnt
|faint|p2a: Cloyster

|
|switch|p2a: Gengar|Gengar, M|100/100
|
|upkeep
|turn|3

|
|move|p2a: Gengar|Hypnosis|p1a: Machamp
|-status|p1a: Machamp|slp|[from] move: Hypnosis
|cant|p1a: Machamp|slp
|
|upkeep
|turn|4

|
|switch|p2a: Magmar|Magmar, F|100/100
|switch|p1a: Blissey|Blissey, F|100/100
|-damage|p1a: Blissey|88/100|[from] Spikes
|
|upkeep
|turn|5

|
|switch|p2a: Snorlax|Snorlax, M|100/100
|move|p1a: Blissey|Ice Beam|p2a: Snorlax
|-damage|p2a: Snorlax|89/100
|
|-heal|p2a: Snorlax|96/100|[from] item: Leftovers
|upkeep
|turn|6

|j| Ch01w0n5h1n

|
|switch|p1a: Golem|Golem, M|100/100
|-damage|p1a: Golem|88/100|[from] Spikes
|move|p2a: Snorlax|Double-Edge|p1a: Golem
|-resisted|p1a: Golem
|-damage|p1a: Golem|70/100
|-damage|p2a: Snorlax|92/100|[from] Recoil|[of] p1a: Golem
|
|-heal|p1a: Golem|77/100|[from] item: Leftovers
|-heal|p2a: Snorlax|99/100|[from] item: Leftovers
|upkeep
|turn|7

|
|move|p1a: Golem|Earthquake|p2a: Snorlax
|-damage|p2a: Snorlax|67/100
|move|p2a: Snorlax|Earthquake|p1a: Golem
|-supereffective|p1a: Golem
|-damage|p1a: Golem|37/100
|
|-heal|p1a: Golem|43/100|[from] item: Leftovers
|-heal|p2a: Snorlax|73/100|[from] item: Leftovers
|upkeep
|turn|8

|
|switch|p2a: Golem|Golem, M|100/100
|move|p1a: Golem|Explosion|p2a: Golem
|-resisted|p2a: Golem
|-damage|p2a: Golem|54/100
|faint|p1a: Golem

|j| Snoop Croc

|c|☆FuzyMC|Yosnoop

|c|☆FuzyMC|Whats good

|
|switch|p1a: Blissey|Blissey, F|88/100
|-damage|p1a: Blissey|76/100|[from] Spikes
|
|-heal|p2a: Golem|60/100|[from] item: Leftovers
|upkeep
|turn|9

|c| Snoop Croc|hey fuzy

|
|move|p1a: Blissey|Heal Bell|p1a: Blissey
|-cureteam|p1a: Blissey|[from] move: Heal Bell
|move|p2a: Golem|Explosion|p1a: Blissey
|-damage|p1a: Blissey|0 fnt
|faint|p2a: Golem
|faint|p1a: Blissey

|
|switch|p1a: Snorlax|Snorlax, M|100/100
|switch|p2a: Zapdos|Zapdos|100/100
|-damage|p1a: Snorlax|88/100|[from] Spikes
|
|-heal|p1a: Snorlax|94/100|[from] item: Leftovers
|upkeep
|turn|10

|c|☆FuzyMC|Trying out a meme strat

|c| Snoop Croc|haven't been playing much myself, just memeing w/ an ice monotype lately

|c|☆FuzyMC|Ye

|
|switch|p2a: Gengar|Gengar, M|100/100
|move|p1a: Snorlax|Curse|p1a: Snorlax
|-unboost|p1a: Snorlax|spe|1
|-boost|p1a: Snorlax|atk|1
|-boost|p1a: Snorlax|def|1
|
|-heal|p1a: Snorlax|99/100|[from] item: Leftovers
|upkeep
|turn|11

|
|move|p2a: Gengar|Explosion|p1a: Snorlax
|-crit|p1a: Snorlax
|-damage|p1a: Snorlax|0 fnt
|faint|p2a: Gengar
|faint|p1a: Snorlax

|c|☆FuzyMC|Lol

|c|☆FuzyMC|Oof

|
|switch|p2a: Magmar|Magmar, F|100/100
|switch|p1a: Jolteon|Jolteon, M|100/100
|-damage|p1a: Jolteon|88/100|[from] Spikes
|
|-heal|p1a: Jolteon|94/100|[from] item: Leftovers
|upkeep
|turn|12

|
|move|p1a: Jolteon|Thunder Wave|p2a: Magmar
|-status|p2a: Magmar|par
|cant|p2a: Magmar|par
|
|-heal|p1a: Jolteon|99/100|[from] item: Leftovers
|upkeep
|turn|13

|c|☆FuzyMC|Here we go

|
|move|p1a: Jolteon|Growth|p1a: Jolteon
|-boost|p1a: Jolteon|spa|1
|move|p2a: Magmar|Attract|p1a: Jolteon
|-start|p1a: Jolteon|Attract
|
|-heal|p1a: Jolteon|100/100|[from] item: Leftovers
|upkeep
|turn|14

|c|☆FuzyMC|Oh

|c|☆FuzyMC|Nvmnd lol

|
|-activate|p1a: Jolteon|move: Attract|[of] p2a: Magmar
|move|p1a: Jolteon|Thunderbolt|p2a: Magmar
|-damage|p2a: Magmar|40/100 par
|move|p2a: Magmar|Confuse Ray|p1a: Jolteon
|-start|p1a: Jolteon|confusion
|
|upkeep
|turn|15

|
|-activate|p1a: Jolteon|confusion
|-damage|p1a: Jolteon|89/100|[from] confusion
|cant|p2a: Magmar|par
|
|-heal|p1a: Jolteon|95/100|[from] item: Leftovers
|upkeep
|turn|16

|
|switch|p1a: Starmie|Starmie|100/100
|-damage|p1a: Starmie|88/100|[from] Spikes
|move|p2a: Magmar|Thief|p1a: Starmie
|-supereffective|p1a: Starmie
|-damage|p1a: Starmie|66/100
|
|upkeep
|turn|17

|c|☆FuzyMC|Rip

|c|☆FuzyMC|The para

|
|switch|p2a: Snorlax|Snorlax, M|73/100
|move|p1a: Starmie|Ice Beam|p2a: Snorlax
|-damage|p2a: Snorlax|61/100
|
|-heal|p2a: Snorlax|67/100|[from] item: Leftovers
|upkeep
|turn|18

|
|switch|p1a: Machamp|Machamp, M|100/100
|-damage|p1a: Machamp|88/100|[from] Spikes
|move|p2a: Snorlax|Double-Edge|p1a: Machamp
|-damage|p1a: Machamp|40/100
|-damage|p2a: Snorlax|58/100|[from] Recoil|[of] p1a: Machamp
|
|-heal|p1a: Machamp|46/100|[from] item: Leftovers
|-heal|p2a: Snorlax|64/100|[from] item: Leftovers
|upkeep
|turn|19

|
|switch|p2a: Zapdos|Zapdos|100/100
|move|p1a: Machamp|Curse|p1a: Machamp
|-unboost|p1a: Machamp|spe|1
|-boost|p1a: Machamp|atk|1
|-boost|p1a: Machamp|def|1
|
|-heal|p1a: Machamp|52/100|[from] item: Leftovers
|upkeep
|turn|20

|c|☆FuzyMC|Theif, attract, cray, seismic toss on magmar

|c|☆FuzyMC|Actually works like a boss

|c|☆FuzyMC|The double 50/50 roll is punishing

|
|move|p2a: Zapdos|Thunder|p1a: Machamp
|-damage|p1a: Machamp|3/100
|move|p1a: Machamp|Rock Slide|p2a: Zapdos|[miss]
|-miss|p1a: Machamp
|
|-heal|p1a: Machamp|9/100|[from] item: Leftovers
|upkeep
|turn|21

|
|move|p2a: Zapdos|Hidden Power|p1a: Machamp
|-damage|p1a: Machamp|0 fnt
|faint|p1a: Machamp

|
|switch|p1a: Jolteon|Jolteon, M|95/100
|-damage|p1a: Jolteon|83/100|[from] Spikes
|
|-heal|p1a: Jolteon|89/100|[from] item: Leftovers
|upkeep
|turn|22

|
|move|p1a: Jolteon|Growth|p1a: Jolteon
|-boost|p1a: Jolteon|spa|1
|move|p2a: Zapdos|Thunder|p1a: Jolteon|[miss]
|-miss|p2a: Zapdos
|
|-heal|p1a: Jolteon|95/100|[from] item: Leftovers
|upkeep
|turn|23

|
|switch|p2a: Snorlax|Snorlax, M|64/100
|move|p1a: Jolteon|Growth|p1a: Jolteon
|-boost|p1a: Jolteon|spa|1
|
|-heal|p1a: Jolteon|100/100|[from] item: Leftovers
|-heal|p2a: Snorlax|70/100|[from] item: Leftovers
|upkeep
|turn|24

|
|move|p1a: Jolteon|Thunderbolt|p2a: Snorlax
|-damage|p2a: Snorlax|25/100
|move|p2a: Snorlax|Self-Destruct|p1a: Jolteon
|-damage|p1a: Jolteon|0 fnt
|faint|p2a: Snorlax
|faint|p1a: Jolteon

|
|switch|p1a: Starmie|Starmie|66/100
|switch|p2a: Zapdos|Zapdos|100/100
|-damage|p1a: Starmie|53/100|[from] Spikes
|
|upkeep
|turn|25

|
|move|p1a: Starmie|Ice Beam|p2a: Zapdos
|-supereffective|p2a: Zapdos
|-damage|p2a: Zapdos|61/100
|move|p2a: Zapdos|Thunder|p1a: Starmie|[miss]
|-miss|p2a: Zapdos
|
|-heal|p2a: Zapdos|67/100|[from] item: Leftovers
|upkeep
|turn|26

|
|move|p1a: Starmie|Ice Beam|p2a: Zapdos
|-supereffective|p2a: Zapdos
|-damage|p2a: Zapdos|23/100
|move|p2a: Zapdos|Thunder|p1a: Starmie
|-supereffective|p1a: Starmie
|-damage|p1a: Starmie|0 fnt
|faint|p1a: Starmie
|
|win|FuzyMC