|init|battle
|title|Shrimpknight67 vs. Naeole1
|j|☆Shrimpknight67
|j|☆Naeole1
|player|p1|Shrimpknight67|265|
|player|p2|Naeole1|102|
|teamsize|p1|6
|teamsize|p2|6
|gametype|singles
|gen|2
|tier|[Gen 2] OU
|rule|Sleep Clause Mod: Limit one foe put to sleep
|rule|Freeze Clause Mod: Limit one foe frozen
|rule|Species Clause: Limit one of each Pokémon
|rule|OHKO Clause: OHKO moves are banned
|rule|Evasion Moves Clause: Evasion moves are banned
|rule|HP Percentage Mod: HP is shown in percentages
|
|start
|switch|p1a: Snorlax|Snorlax, M|100/100
|switch|p2a: Snorlax|Snorlax, M|100/100
|turn|1

|
|move|p1a: Snorlax|Curse|p1a: Snorlax
|-unboost|p1a: Snorlax|spe|1
|-boost|p1a: Snorlax|atk|1
|-boost|p1a: Snorlax|def|1
|move|p2a: Snorlax|Curse|p2a: Snorlax
|-unboost|p2a: Snorlax|spe|1
|-boost|p2a: Snorlax|atk|1
|-boost|p2a: Snorlax|def|1
|
|upkeep
|turn|2

|j| Jeysiah

|
|move|p2a: Snorlax|Curse|p2a: Snorlax
|-unboost|p2a: Snorlax|spe|1
|-boost|p2a: Snorlax|atk|1
|-boost|p2a: Snorlax|def|1
|move|p1a: Snorlax|Body Slam|p2a: Snorlax
|-damage|p2a: Snorlax|80/100
|-status|p2a: Snorlax|par
|
|-heal|p2a: Snorlax|86/100 par|[from] item: Leftovers
|upkeep
|turn|3

|
|move|p1a: Snorlax|Curse|p1a: Snorlax
|-unboost|p1a: Snorlax|spe|1
|-boost|p1a: Snorlax|atk|1
|-boost|p1a: Snorlax|def|1
|cant|p2a: Snorlax|par
|
|-heal|p2a: Snorlax|92/100 par|[from] item: Leftovers
|upkeep
|turn|4

|
|move|p1a: Snorlax|Curse|p1a: Snorlax
|-unboost|p1a: Snorlax|spe|1
|-boost|p1a: Snorlax|atk|1
|-boost|p1a: Snorlax|def|1
|cant|p2a: Snorlax|par
|
|-heal|p2a: Snorlax|99/100 par|[from] item: Leftovers
|upkeep
|turn|5

|
|switch|p2a: Valli|Blissey, F|100/100
|move|p1a: Snorlax|Curse|p1a: Snorlax
|-unboost|p1a: Snorlax|spe|1
|-boost|p1a: Snorlax|atk|1
|-boost|p1a: Snorlax|def|1
|
|upkeep
|turn|6

|
|move|p2a: Valli|Heal Bell|p2a: Valli
|-cureteam|p2a: Valli|[from] move: Heal Bell
|move|p1a: Snorlax|Double-Edge|p2a: Valli
|-damage|p2a: Valli|0 fnt
|-damage|p1a: Snorlax|66/100|[from] Recoil|[of] p2a: Valli
|faint|p2a: Valli

|c| Jeysiah|I’m here

|c|☆Shrimpknight67|sup

|c| Jeysiah|what is this?

|
|switch|p2a: Heracross|Heracross, M|100/100
|
|-heal|p1a: Snorlax|73/100|[from] item: Leftovers
|upkeep
|turn|7

|c|☆Shrimpknight67|gen 2 OU

|c|☆Naeole1|lol forgot this thing doesnt have any fighting type moves

|c|☆Shrimpknight67|yup

|
|move|p2a: Heracross|Megahorn|p1a: Snorlax
|-damage|p1a: Snorlax|59/100
|move|p1a: Snorlax|Double-Edge|p2a: Heracross
|-damage|p2a: Heracross|0 fnt
|-damage|p1a: Snorlax|42/100|[from] Recoil|[of] p2a: Heracross
|faint|p2a: Heracross

|c| Jeysiah|Oof

|
|switch|p2a: Snorlax|Snorlax, M|99/100
|
|-heal|p2a: Snorlax|100/100|[from] item: Leftovers
|-heal|p1a: Snorlax|48/100|[from] item: Leftovers
|upkeep
|turn|8

|
|move|p2a: Snorlax|Double-Edge|p1a: Snorlax
|-damage|p1a: Snorlax|36/100
|-damage|p2a: Snorlax|97/100|[from] Recoil|[of] p1a: Snorlax
|move|p1a: Snorlax|Double-Edge|p2a: Snorlax
|-damage|p2a: Snorlax|0 fnt
|-damage|p1a: Snorlax|12/100|[from] Recoil|[of] p2a: Snorlax
|faint|p2a: Snorlax

|
|switch|p2a: Skarmory|Skarmory, M|100/100
|
|-heal|p1a: Snorlax|18/100|[from] item: Leftovers
|upkeep
|turn|9

|
|move|p1a: Snorlax|Body Slam|p2a: Skarmory
|-resisted|p2a: Skarmory
|-damage|p2a: Skarmory|63/100
|-status|p2a: Skarmory|par
|move|p2a: Skarmory|Whirlwind|p1a: Snorlax
|drag|p1a: Raikou|Raikou|100/100
|
|-heal|p2a: Skarmory|69/100 par|[from] item: Leftovers
|upkeep
|turn|10

|c|☆Naeole1|oh are you fucking kidding me

|
|move|p1a: Raikou|Crunch|p2a: Skarmory
|-resisted|p2a: Skarmory
|-damage|p2a: Skarmory|56/100 par
|move|p2a: Skarmory|Whirlwind|p1a: Raikou
|drag|p1a: Snorlax|Snorlax, M|18/100
|
|-heal|p1a: Snorlax|24/100|[from] item: Leftovers
|-heal|p2a: Skarmory|62/100 par|[from] item: Leftovers
|upkeep
|turn|11

|c| Jeysiah|You just have a bunch of fat mons

|c|☆Shrimpknight67|yah

|
|move|p1a: Snorlax|Surf|p2a: Skarmory
|-damage|p2a: Skarmory|41/100 par
|move|p2a: Skarmory|Drill Peck|p1a: Snorlax
|-damage|p1a: Snorlax|3/100
|
|-heal|p1a: Snorlax|9/100|[from] item: Leftovers
|-heal|p2a: Skarmory|47/100 par|[from] item: Leftovers
|upkeep
|turn|12

|
|move|p1a: Snorlax|Double-Edge|p2a: Skarmory
|-resisted|p2a: Skarmory
|-damage|p2a: Skarmory|30/100 par
|-damage|p1a: Snorlax|6/100|[from] Recoil|[of] p2a: Skarmory
|cant|p2a: Skarmory|par
|
|-heal|p1a: Snorlax|13/100|[from] item: Leftovers
|-heal|p2a: Skarmory|36/100 par|[from] item: Leftovers
|upkeep
|turn|13

|c| Jeysiah|I’m talking about nae’ole

|
|move|p1a: Snorlax|Surf|p2a: Skarmory
|-damage|p2a: Skarmory|13/100 par
|move|p2a: Skarmory|Drill Peck|p1a: Snorlax
|-damage|p1a: Snorlax|0 fnt
|faint|p1a: Snorlax

|c|☆Shrimpknight67|oh

|
|switch|p1a: Gengar|Gengar, M|100/100
|
|-heal|p2a: Skarmory|19/100 par|[from] item: Leftovers
|upkeep
|turn|14

|c|☆Naeole1|that's mostly what gen 2 ou was

|
|switch|p2a: Zapdos|Zapdos|100/100
|move|p1a: Gengar|Fire Punch|p2a: Zapdos
|-damage|p2a: Zapdos|79/100
|
|-heal|p2a: Zapdos|85/100|[from] item: Leftovers
|upkeep
|turn|15

|
|switch|p1a: Golem|Golem, M|100/100
|move|p2a: Zapdos|Thunderbolt|p1a: Golem
|-immune|p1a: Golem
|
|-heal|p2a: Zapdos|91/100|[from] item: Leftovers
|upkeep
|turn|16

|c| Jeysiah|I wouldn’t know 🤷🏾‍♂️

|c|☆Shrimpknight67|he is out

|
|switch|p1a: Raikou|Raikou|100/100
|move|p2a: Zapdos|Hidden Power|p1a: Raikou
|-damage|p1a: Raikou|84/100
|
|-heal|p2a: Zapdos|97/100|[from] item: Leftovers
|upkeep
|turn|17

|
|move|p1a: Raikou|Thunderbolt|p2a: Zapdos
|-damage|p2a: Zapdos|57/100
|move|p2a: Zapdos|Hidden Power|p1a: Raikou
|-damage|p1a: Raikou|66/100
|
|-heal|p2a: Zapdos|63/100|[from] item: Leftovers
|upkeep
|turn|18

|
|move|p1a: Raikou|Thunder|p2a: Zapdos
|-damage|p2a: Zapdos|14/100
|-status|p2a: Zapdos|par
|move|p2a: Zapdos|Hidden Power|p1a: Raikou
|-damage|p1a: Raikou|49/100
|
|-heal|p2a: Zapdos|20/100 par|[from] item: Leftovers
|upkeep
|turn|19

|-message|Naeole1 forfeited.

|
|win|Shrimpknight67