|init|battle
|title|Godofbop vs. asasasaasasa
|j|☆Godofbop
|j|☆asasasaasasa
|player|p1|Godofbop|265|1036
|player|p2|asasasaasasa|1|1000
|teamsize|p1|6
|teamsize|p2|6
|gametype|singles
|gen|2
|tier|[Gen 2] OU
|rated|
|rule|Sleep Clause Mod: Limit one foe put to sleep
|rule|Freeze Clause Mod: Limit one foe frozen
|rule|Species Clause: Limit one of each Pokémon
|rule|OHKO Clause: OHKO moves are banned
|rule|Evasion Moves Clause: Evasion moves are banned
|rule|HP Percentage Mod: HP is shown in percentages
|
|start
|switch|p1a: Snorlax|Snorlax, M|100/100
|switch|p2a: Poliwrath|Poliwrath, M|100/100
|turn|1

|
|switch|p1a: Misdreavus|Misdreavus, M|100/100
|move|p2a: Poliwrath|Seismic Toss|p1a: Misdreavus
|-immune|p1a: Misdreavus
|
|upkeep
|turn|2

|
|move|p1a: Misdreavus|Mean Look|p2a: Poliwrath
|-activate|p2a: Poliwrath|trapped
|move|p2a: Poliwrath|Earthquake|p1a: Misdreavus
|-damage|p1a: Misdreavus|70/100
|
|-heal|p1a: Misdreavus|76/100|[from] item: Leftovers
|upkeep
|turn|3

|
|move|p1a: Misdreavus|Perish Song|p1a: Misdreavus
|-start|p1a: Misdreavus|perish3|[silent]
|-start|p2a: Poliwrath|perish3|[silent]
|-fieldactivate|move: Perish Song
|move|p2a: Poliwrath|Hypnosis|p1a: Misdreavus
|-status|p1a: Misdreavus|slp|[from] move: Hypnosis
|
|-heal|p1a: Misdreavus|83/100 slp|[from] item: Leftovers
|-start|p1a: Misdreavus|perish3
|-start|p2a: Poliwrath|perish3
|upkeep
|turn|4

|
|cant|p1a: Misdreavus|slp
|move|p2a: Poliwrath|Earthquake|p1a: Misdreavus
|-damage|p1a: Misdreavus|53/100 slp
|
|-heal|p1a: Misdreavus|59/100 slp|[from] item: Leftovers
|-start|p1a: Misdreavus|perish2
|-start|p2a: Poliwrath|perish2
|upkeep
|turn|5

|
|-curestatus|p1a: Misdreavus|slp|[msg]
|move|p1a: Misdreavus|Protect|p1a: Misdreavus
|-singleturn|p1a: Misdreavus|Protect
|move|p2a: Poliwrath|Earthquake|p1a: Misdreavus
|-activate|p1a: Misdreavus|Protect
|
|-heal|p1a: Misdreavus|65/100|[from] item: Leftovers
|-start|p1a: Misdreavus|perish1
|-start|p2a: Poliwrath|perish1
|upkeep
|turn|6

|
|switch|p1a: Skarmory|Skarmory, M|100/100
|move|p2a: Poliwrath|Seismic Toss|p1a: Skarmory
|-damage|p1a: Skarmory|70/100
|
|-heal|p1a: Skarmory|76/100|[from] item: Leftovers
|-start|p2a: Poliwrath|perish0
|upkeep
|faint|p2a: Poliwrath

|
|switch|p2a: Magnemite|Magnemite|100/100
|turn|7

|
|switch|p1a: Raikou|Raikou|100/100
|move|p2a: Magnemite|Zap Cannon|p1a: Raikou
|-resisted|p1a: Raikou
|-damage|p1a: Raikou|87/100
|-status|p1a: Raikou|par
|
|-heal|p1a: Raikou|93/100 par|[from] item: Leftovers
|upkeep
|turn|8

|
|switch|p2a: Abra|Abra, M|100/100
|cant|p1a: Raikou|par
|
|-heal|p1a: Raikou|99/100 par|[from] item: Leftovers
|upkeep
|turn|9

|
|move|p2a: Abra|Fire Punch|p1a: Raikou
|-damage|p1a: Raikou|84/100 par
|move|p1a: Raikou|Thunder|p2a: Abra
|-damage|p2a: Abra|7/100
|
|-heal|p2a: Abra|13/100|[from] item: Leftovers
|-heal|p1a: Raikou|90/100 par|[from] item: Leftovers
|upkeep
|turn|10

|
|move|p2a: Abra|Psychic|p1a: Raikou
|-damage|p1a: Raikou|62/100 par
|cant|p1a: Raikou|par
|
|-heal|p2a: Abra|19/100|[from] item: Leftovers
|-heal|p1a: Raikou|68/100 par|[from] item: Leftovers
|upkeep
|turn|11

|
|move|p2a: Abra|Hidden Power|p1a: Raikou
|-damage|p1a: Raikou|53/100 par
|move|p1a: Raikou|Hidden Power|p2a: Abra
|-crit|p2a: Abra
|-damage|p2a: Abra|0 fnt
|faint|p2a: Abra

|
|switch|p2a: Sneasel|Sneasel, M|100/100
|
|-heal|p1a: Raikou|59/100 par|[from] item: Leftovers
|upkeep
|turn|12

|
|switch|p1a: Suicune|Suicune|100/100
|move|p2a: Sneasel|Bite|p1a: Suicune
|-damage|p1a: Suicune|92/100
|
|-heal|p1a: Suicune|98/100|[from] item: Leftovers
|upkeep
|turn|13

|
|move|p2a: Sneasel|Hidden Power|p1a: Suicune
|-supereffective|p1a: Suicune
|-damage|p1a: Suicune|84/100
|move|p1a: Suicune|Surf|p2a: Sneasel
|-damage|p2a: Sneasel|56/100
|
|-heal|p2a: Sneasel|62/100|[from] item: Leftovers
|-heal|p1a: Suicune|90/100|[from] item: Leftovers
|upkeep
|turn|14

|-message|asasasaasasa forfeited.

|
|win|Godofbop