|init|battle
|title|Poesy vs. Greaser Seth
|j|☆Poesy
|j|☆Greaser Seth
|player|p1|Poesy|109|1402
|player|p2|Greaser Seth|238|1360
|teamsize|p1|6
|teamsize|p2|6
|gametype|singles
|gen|2
|tier|[Gen 2] OU
|rated|
|rule|Sleep Clause Mod: Limit one foe put to sleep
|rule|Freeze Clause Mod: Limit one foe frozen
|rule|Species Clause: Limit one of each Pokémon
|rule|OHKO Clause: OHKO moves are banned
|rule|Evasion Moves Clause: Evasion moves are banned
|rule|HP Percentage Mod: HP is shown in percentages
|
|start
|switch|p1a: Buggernaut|Forretress, M|100/100
|switch|p2a: Jynx|Jynx, F|100/100
|turn|1

|
|switch|p1a: Bugaboo|Heracross, M|100/100
|move|p2a: Jynx|Lovely Kiss|p1a: Bugaboo
|-status|p1a: Bugaboo|slp|[from] move: Lovely Kiss
|
|upkeep
|turn|2

|
|switch|p1a: Buggernaut|Forretress, M|100/100
|move|p2a: Jynx|Psychic|p1a: Buggernaut
|-resisted|p1a: Buggernaut
|-damage|p1a: Buggernaut|77/100
|
|-heal|p1a: Buggernaut|83/100|[from] item: Leftovers
|upkeep
|turn|3

|
|move|p2a: Jynx|Ice Beam|p1a: Buggernaut
|-resisted|p1a: Buggernaut
|-damage|p1a: Buggernaut|58/100
|move|p1a: Buggernaut|Spikes|p2a: Jynx
|-sidestart|p2: Greaser Seth|Spikes
|
|-heal|p1a: Buggernaut|64/100|[from] item: Leftovers
|upkeep
|turn|4

|
|switch|p2a: Cloyster|Cloyster, M|100/100
|-damage|p2a: Cloyster|88/100|[from] Spikes
|switch|p1a: Iroh|Snorlax, M|100/100
|
|-heal|p2a: Cloyster|94/100|[from] item: Leftovers
|upkeep
|turn|5

|
|move|p2a: Cloyster|Spikes|p1a: Iroh
|-sidestart|p1: Poesy|Spikes
|move|p1a: Iroh|Curse|p1a: Iroh
|-unboost|p1a: Iroh|spe|1
|-boost|p1a: Iroh|atk|1
|-boost|p1a: Iroh|def|1
|
|-heal|p2a: Cloyster|99/100|[from] item: Leftovers
|upkeep
|turn|6

|
|switch|p2a: Skarmory|Skarmory, M|100/100
|move|p1a: Iroh|Curse|p1a: Iroh
|-unboost|p1a: Iroh|spe|1
|-boost|p1a: Iroh|atk|1
|-boost|p1a: Iroh|def|1
|
|upkeep
|turn|7

|
|move|p1a: Iroh|Flamethrower|p2a: Skarmory
|-supereffective|p2a: Skarmory
|-damage|p2a: Skarmory|56/100
|move|p2a: Skarmory|Whirlwind|p1a: Iroh
|drag|p1a: ChiefChirp|Zapdos|100/100
|
|-heal|p2a: Skarmory|62/100|[from] item: Leftovers
|upkeep
|turn|8

|j| Gen7OUOU

|
|switch|p2a: Raikou|Raikou|100/100
|-damage|p2a: Raikou|88/100|[from] Spikes
|move|p1a: ChiefChirp|Light Screen|p1a: ChiefChirp
|-sidestart|p1: Poesy|move: Light Screen
|
|-heal|p2a: Raikou|94/100|[from] item: Leftovers
|upkeep
|turn|9

|
|switch|p1a: Mr. Mojo|Nidoking, M|100/100
|-damage|p1a: Mr. Mojo|88/100|[from] Spikes
|move|p2a: Raikou|Roar|p1a: Mr. Mojo
|drag|p1a: ChiefChirp|Zapdos|100/100
|
|-heal|p2a: Raikou|99/100|[from] item: Leftovers
|upkeep
|turn|10

|
|move|p2a: Raikou|Hidden Power|p1a: ChiefChirp
|-supereffective|p1a: ChiefChirp
|-damage|p1a: ChiefChirp|82/100
|move|p1a: ChiefChirp|Thunderbolt|p2a: Raikou
|-resisted|p2a: Raikou
|-damage|p2a: Raikou|84/100
|
|-heal|p2a: Raikou|90/100|[from] item: Leftovers
|-heal|p1a: ChiefChirp|88/100|[from] item: Leftovers
|upkeep
|turn|11

|
|switch|p1a: Iroh|Snorlax, M|100/100
|-damage|p1a: Iroh|88/100|[from] Spikes
|move|p2a: Raikou|Roar|p1a: Iroh
|drag|p1a: Mr. Mojo|Nidoking, M|88/100
|-damage|p1a: Mr. Mojo|76/100|[from] Spikes
|
|-heal|p2a: Raikou|96/100|[from] item: Leftovers
|-heal|p1a: Mr. Mojo|82/100|[from] item: Leftovers
|upkeep
|turn|12

|
|switch|p2a: Cloyster|Cloyster, M|99/100
|-damage|p2a: Cloyster|88/100|[from] Spikes
|move|p1a: Mr. Mojo|Roar|p2a: Cloyster
|drag|p2a: Jynx|Jynx, F|100/100
|-damage|p2a: Jynx|88/100|[from] Spikes
|
|-heal|p1a: Mr. Mojo|88/100|[from] item: Leftovers
|-sideend|p1: Poesy|move: Light Screen
|upkeep
|turn|13

|
|switch|p1a: Cottnmouth|Charizard, M|100/100
|move|p2a: Jynx|Ice Beam|p1a: Cottnmouth
|-damage|p1a: Cottnmouth|64/100
|
|-heal|p1a: Cottnmouth|70/100|[from] item: Leftovers
|upkeep
|turn|14

|
|switch|p2a: Raikou|Raikou|96/100
|-damage|p2a: Raikou|84/100|[from] Spikes
|move|p1a: Cottnmouth|Sunny Day|p1a: Cottnmouth
|-weather|SunnyDay
|
|-weather|SunnyDay|[upkeep]
|-heal|p2a: Raikou|90/100|[from] item: Leftovers
|-heal|p1a: Cottnmouth|77/100|[from] item: Leftovers
|upkeep
|turn|15

|
|switch|p1a: Mr. Mojo|Nidoking, M|88/100
|-damage|p1a: Mr. Mojo|76/100|[from] Spikes
|move|p2a: Raikou|Thunderbolt|p1a: Mr. Mojo
|-immune|p1a: Mr. Mojo
|
|-weather|SunnyDay|[upkeep]
|-heal|p2a: Raikou|96/100|[from] item: Leftovers
|-heal|p1a: Mr. Mojo|82/100|[from] item: Leftovers
|upkeep
|turn|16

|
|switch|p2a: Cloyster|Cloyster, M|88/100
|-damage|p2a: Cloyster|76/100|[from] Spikes
|move|p1a: Mr. Mojo|Earthquake|p2a: Cloyster
|-damage|p2a: Cloyster|51/100
|
|-weather|SunnyDay|[upkeep]
|-heal|p1a: Mr. Mojo|88/100|[from] item: Leftovers
|-heal|p2a: Cloyster|57/100|[from] item: Leftovers
|upkeep
|turn|17

|
|switch|p1a: Buggernaut|Forretress, M|64/100
|-damage|p1a: Buggernaut|52/100|[from] Spikes
|move|p2a: Cloyster|Ice Beam|p1a: Buggernaut
|-resisted|p1a: Buggernaut
|-damage|p1a: Buggernaut|30/100
|
|-weather|SunnyDay|[upkeep]
|-heal|p2a: Cloyster|63/100|[from] item: Leftovers
|-heal|p1a: Buggernaut|36/100|[from] item: Leftovers
|upkeep
|turn|18

|
|move|p2a: Cloyster|Explosion|p1a: Buggernaut
|-resisted|p1a: Buggernaut
|-damage|p1a: Buggernaut|0 fnt
|faint|p2a: Cloyster
|faint|p1a: Buggernaut

|
|switch|p2a: Jynx|Jynx, F|88/100
|switch|p1a: Iroh|Snorlax, M|88/100
|-damage|p2a: Jynx|76/100|[from] Spikes
|-damage|p1a: Iroh|76/100|[from] Spikes
|
|-weather|none
|-heal|p1a: Iroh|82/100|[from] item: Leftovers
|upkeep
|turn|19

|l| Gen7OUOU

|
|move|p2a: Jynx|Thief|p1a: Iroh
|-damage|p1a: Iroh|75/100
|-item|p2a: Jynx|Leftovers|[from] move: Thief|[of] p1a: Iroh
|move|p1a: Iroh|Double-Edge|p2a: Jynx
|-damage|p2a: Jynx|0 fnt
|-damage|p1a: Iroh|64/100|[from] Recoil|[of] p2a: Jynx
|faint|p2a: Jynx

|
|switch|p2a: Skarmory|Skarmory, M|62/100
|
|-heal|p2a: Skarmory|68/100|[from] item: Leftovers
|upkeep
|turn|20

|
|move|p1a: Iroh|Double-Edge|p2a: Skarmory
|-resisted|p2a: Skarmory
|-damage|p2a: Skarmory|51/100
|-damage|p1a: Iroh|61/100|[from] Recoil|[of] p2a: Skarmory
|move|p2a: Skarmory|Whirlwind|p1a: Iroh
|drag|p1a: ChiefChirp|Zapdos|88/100
|
|-heal|p1a: ChiefChirp|94/100|[from] item: Leftovers
|-heal|p2a: Skarmory|57/100|[from] item: Leftovers
|upkeep
|turn|21

|
|switch|p2a: Raikou|Raikou|96/100
|-damage|p2a: Raikou|84/100|[from] Spikes
|move|p1a: ChiefChirp|Light Screen|p1a: ChiefChirp
|-sidestart|p1: Poesy|move: Light Screen
|
|-heal|p2a: Raikou|90/100|[from] item: Leftovers
|-heal|p1a: ChiefChirp|99/100|[from] item: Leftovers
|upkeep
|turn|22

|
|move|p1a: ChiefChirp|Thunderbolt|p2a: Raikou
|-resisted|p2a: Raikou
|-damage|p2a: Raikou|72/100
|move|p2a: Raikou|Roar|p1a: ChiefChirp
|drag|p1a: Mr. Mojo|Nidoking, M|88/100
|-damage|p1a: Mr. Mojo|75/100|[from] Spikes
|
|-heal|p2a: Raikou|78/100|[from] item: Leftovers
|-heal|p1a: Mr. Mojo|81/100|[from] item: Leftovers
|upkeep
|turn|23

|
|switch|p2a: Skarmory|Skarmory, M|57/100
|move|p1a: Mr. Mojo|Lovely Kiss|p2a: Skarmory|[miss]
|-miss|p1a: Mr. Mojo
|
|-heal|p1a: Mr. Mojo|87/100|[from] item: Leftovers
|-heal|p2a: Skarmory|63/100|[from] item: Leftovers
|upkeep
|turn|24

|
|move|p1a: Mr. Mojo|Ice Beam|p2a: Skarmory
|-damage|p2a: Skarmory|38/100
|move|p2a: Skarmory|Whirlwind|p1a: Mr. Mojo
|drag|p1a: Bugaboo|Heracross, M|100/100 slp
|-damage|p1a: Bugaboo|88/100 slp|[from] Spikes
|
|-heal|p1a: Bugaboo|94/100 slp|[from] item: Leftovers
|-heal|p2a: Skarmory|44/100|[from] item: Leftovers
|upkeep
|turn|25

|
|switch|p1a: ChiefChirp|Zapdos|99/100
|move|p2a: Skarmory|Whirlwind|p1a: ChiefChirp
|drag|p1a: Bugaboo|Heracross, M|94/100 slp
|-damage|p1a: Bugaboo|82/100 slp|[from] Spikes
|
|-heal|p1a: Bugaboo|88/100 slp|[from] item: Leftovers
|-heal|p2a: Skarmory|50/100|[from] item: Leftovers
|-sideend|p1: Poesy|move: Light Screen
|upkeep
|turn|26

|
|switch|p1a: Mr. Mojo|Nidoking, M|87/100
|-damage|p1a: Mr. Mojo|75/100|[from] Spikes
|move|p2a: Skarmory|Drill Peck|p1a: Mr. Mojo
|-damage|p1a: Mr. Mojo|49/100
|
|-heal|p1a: Mr. Mojo|55/100|[from] item: Leftovers
|-heal|p2a: Skarmory|56/100|[from] item: Leftovers
|upkeep
|turn|27

|
|move|p1a: Mr. Mojo|Lovely Kiss|p2a: Skarmory|[miss]
|-miss|p1a: Mr. Mojo
|move|p2a: Skarmory|Whirlwind|p1a: Mr. Mojo
|drag|p1a: Cottnmouth|Charizard, M|77/100
|
|-heal|p1a: Cottnmouth|83/100|[from] item: Leftovers
|-heal|p2a: Skarmory|62/100|[from] item: Leftovers
|upkeep
|turn|28

|
|move|p1a: Cottnmouth|Fire Blast|p2a: Skarmory
|-supereffective|p2a: Skarmory
|-damage|p2a: Skarmory|0 fnt
|faint|p2a: Skarmory

|
|switch|p2a: Raikou|Raikou|78/100
|-damage|p2a: Raikou|66/100|[from] Spikes
|
|-heal|p2a: Raikou|72/100|[from] item: Leftovers
|-heal|p1a: Cottnmouth|89/100|[from] item: Leftovers
|upkeep
|turn|29

|
|switch|p1a: Iroh|Snorlax, M|61/100
|-damage|p1a: Iroh|48/100|[from] Spikes
|move|p2a: Raikou|Roar|p1a: Iroh
|drag|p1a: Cottnmouth|Charizard, M|89/100
|
|-heal|p2a: Raikou|78/100|[from] item: Leftovers
|-heal|p1a: Cottnmouth|95/100|[from] item: Leftovers
|upkeep
|turn|30

|
|switch|p1a: Iroh|Snorlax, M|48/100
|-damage|p1a: Iroh|36/100|[from] Spikes
|move|p2a: Raikou|Roar|p1a: Iroh
|drag|p1a: Mr. Mojo|Nidoking, M|55/100
|-damage|p1a: Mr. Mojo|43/100|[from] Spikes
|
|-heal|p2a: Raikou|84/100|[from] item: Leftovers
|-heal|p1a: Mr. Mojo|49/100|[from] item: Leftovers
|upkeep
|turn|31

|
|move|p2a: Raikou|Hidden Power|p1a: Mr. Mojo
|-supereffective|p1a: Mr. Mojo
|-damage|p1a: Mr. Mojo|11/100
|move|p1a: Mr. Mojo|Lovely Kiss|p2a: Raikou
|-status|p2a: Raikou|slp|[from] move: Lovely Kiss
|
|-heal|p2a: Raikou|90/100 slp|[from] item: Leftovers
|-heal|p1a: Mr. Mojo|17/100|[from] item: Leftovers
|upkeep
|turn|32

|
|switch|p2a: Machamp|Machamp, M|100/100
|-damage|p2a: Machamp|88/100|[from] Spikes
|move|p1a: Mr. Mojo|Earthquake|p2a: Machamp
|-damage|p2a: Machamp|54/100
|
|-heal|p1a: Mr. Mojo|24/100|[from] item: Leftovers
|-heal|p2a: Machamp|60/100|[from] item: Leftovers
|upkeep
|turn|33

|
|switch|p1a: Bugaboo|Heracross, M|88/100 slp
|-damage|p1a: Bugaboo|75/100 slp|[from] Spikes
|move|p2a: Machamp|Earthquake|p1a: Bugaboo
|-resisted|p1a: Bugaboo
|-damage|p1a: Bugaboo|59/100 slp
|
|-heal|p1a: Bugaboo|65/100 slp|[from] item: Leftovers
|-heal|p2a: Machamp|66/100|[from] item: Leftovers
|upkeep
|turn|34

|
|cant|p1a: Bugaboo|slp
|move|p1a: Bugaboo|Sleep Talk|p1a: Bugaboo
|move|p1a: Bugaboo|Earthquake|p2a: Machamp|[from]Sleep Talk
|-damage|p2a: Machamp|40/100
|move|p2a: Machamp|Rock Slide|p1a: Bugaboo
|-damage|p1a: Bugaboo|43/100 slp
|
|-heal|p1a: Bugaboo|49/100 slp|[from] item: Leftovers
|-heal|p2a: Machamp|46/100|[from] item: Leftovers
|upkeep
|turn|35

|
|cant|p1a: Bugaboo|slp
|move|p1a: Bugaboo|Sleep Talk|p1a: Bugaboo
|move|p1a: Bugaboo|Rest|p1a: Bugaboo|[from]Sleep Talk
|-status|p1a: Bugaboo|slp|[from] move: Rest
|-heal|p1a: Bugaboo|100/100 slp|[silent]
|move|p2a: Machamp|Rock Slide|p1a: Bugaboo|[miss]
|-miss|p2a: Machamp
|
|-heal|p2a: Machamp|52/100|[from] item: Leftovers
|upkeep
|turn|36

|
|cant|p1a: Bugaboo|slp
|move|p1a: Bugaboo|Sleep Talk|p1a: Bugaboo
|move|p1a: Bugaboo|Megahorn|p2a: Machamp|[from]Sleep Talk
|-resisted|p2a: Machamp
|-damage|p2a: Machamp|27/100
|move|p2a: Machamp|Rock Slide|p1a: Bugaboo
|-damage|p1a: Bugaboo|77/100 slp
|
|-heal|p1a: Bugaboo|83/100 slp|[from] item: Leftovers
|-heal|p2a: Machamp|33/100|[from] item: Leftovers
|upkeep
|turn|37

|
|cant|p1a: Bugaboo|slp
|move|p1a: Bugaboo|Sleep Talk|p1a: Bugaboo
|move|p1a: Bugaboo|Earthquake|p2a: Machamp|[from]Sleep Talk
|-damage|p2a: Machamp|5/100
|move|p2a: Machamp|Rock Slide|p1a: Bugaboo
|-damage|p1a: Bugaboo|58/100 slp
|
|-heal|p1a: Bugaboo|64/100 slp|[from] item: Leftovers
|-heal|p2a: Machamp|11/100|[from] item: Leftovers
|upkeep
|turn|38

|
|-curestatus|p1a: Bugaboo|slp|[msg]
|move|p1a: Bugaboo|Earthquake|p2a: Machamp
|-damage|p2a: Machamp|0 fnt
|faint|p2a: Machamp

|
|switch|p2a: Snorlax|Snorlax, M|100/100
|-damage|p2a: Snorlax|88/100|[from] Spikes
|
|-heal|p1a: Bugaboo|70/100|[from] item: Leftovers
|-heal|p2a: Snorlax|94/100|[from] item: Leftovers
|upkeep
|turn|39

|
|move|p1a: Bugaboo|Megahorn|p2a: Snorlax
|-damage|p2a: Snorlax|51/100
|move|p2a: Snorlax|Curse|p2a: Snorlax
|-unboost|p2a: Snorlax|spe|1
|-boost|p2a: Snorlax|atk|1
|-boost|p2a: Snorlax|def|1
|
|-heal|p1a: Bugaboo|77/100|[from] item: Leftovers
|-heal|p2a: Snorlax|57/100|[from] item: Leftovers
|upkeep
|turn|40

|
|move|p1a: Bugaboo|Megahorn|p2a: Snorlax
|-damage|p2a: Snorlax|28/100
|move|p2a: Snorlax|Rest|p2a: Snorlax
|-status|p2a: Snorlax|slp|[from] move: Rest
|-heal|p2a: Snorlax|100/100 slp|[silent]
|
|-heal|p1a: Bugaboo|83/100|[from] item: Leftovers
|upkeep
|turn|41

|
|switch|p1a: Mr. Mojo|Nidoking, M|24/100
|-damage|p1a: Mr. Mojo|11/100|[from] Spikes
|cant|p2a: Snorlax|slp
|
|-heal|p1a: Mr. Mojo|17/100|[from] item: Leftovers
|upkeep
|turn|42

|
|cant|p2a: Snorlax|slp
|move|p1a: Mr. Mojo|Roar|p2a: Snorlax
|drag|p2a: Raikou|Raikou|90/100 slp
|-damage|p2a: Raikou|77/100 slp|[from] Spikes
|
|-heal|p2a: Raikou|83/100 slp|[from] item: Leftovers
|-heal|p1a: Mr. Mojo|23/100|[from] item: Leftovers
|upkeep
|turn|43

|
|cant|p2a: Raikou|slp
|move|p1a: Mr. Mojo|Roar|p2a: Raikou
|drag|p2a: Snorlax|Snorlax, M|100/100 slp
|-damage|p2a: Snorlax|88/100 slp|[from] Spikes
|
|-heal|p1a: Mr. Mojo|29/100|[from] item: Leftovers
|-heal|p2a: Snorlax|94/100 slp|[from] item: Leftovers
|upkeep
|turn|44

|
|switch|p1a: Bugaboo|Heracross, M|83/100
|-damage|p1a: Bugaboo|70/100|[from] Spikes
|-curestatus|p2a: Snorlax|slp|[msg]
|move|p2a: Snorlax|Double-Edge|p1a: Bugaboo
|-damage|p1a: Bugaboo|18/100
|-damage|p2a: Snorlax|85/100|[from] Recoil|[of] p1a: Bugaboo
|
|-heal|p1a: Bugaboo|24/100|[from] item: Leftovers
|-heal|p2a: Snorlax|91/100|[from] item: Leftovers
|upkeep
|turn|45

|
|move|p1a: Bugaboo|Megahorn|p2a: Snorlax
|-damage|p2a: Snorlax|51/100
|move|p2a: Snorlax|Curse|p2a: Snorlax
|-unboost|p2a: Snorlax|spe|1
|-boost|p2a: Snorlax|atk|1
|-boost|p2a: Snorlax|def|1
|
|-heal|p1a: Bugaboo|31/100|[from] item: Leftovers
|-heal|p2a: Snorlax|57/100|[from] item: Leftovers
|upkeep
|turn|46

|
|move|p1a: Bugaboo|Megahorn|p2a: Snorlax
|-damage|p2a: Snorlax|29/100
|move|p2a: Snorlax|Rest|p2a: Snorlax
|-status|p2a: Snorlax|slp|[from] move: Rest
|-heal|p2a: Snorlax|100/100 slp|[silent]
|
|-heal|p1a: Bugaboo|37/100|[from] item: Leftovers
|upkeep
|turn|47

|
|switch|p1a: Mr. Mojo|Nidoking, M|29/100
|-damage|p1a: Mr. Mojo|17/100|[from] Spikes
|cant|p2a: Snorlax|slp
|
|-heal|p1a: Mr. Mojo|23/100|[from] item: Leftovers
|upkeep
|turn|48

|
|cant|p2a: Snorlax|slp
|move|p1a: Mr. Mojo|Roar|p2a: Snorlax
|drag|p2a: Raikou|Raikou|83/100 slp
|-damage|p2a: Raikou|71/100 slp|[from] Spikes
|
|-heal|p2a: Raikou|77/100 slp|[from] item: Leftovers
|-heal|p1a: Mr. Mojo|29/100|[from] item: Leftovers
|upkeep
|turn|49

|
|cant|p2a: Raikou|slp
|move|p1a: Mr. Mojo|Earthquake|p2a: Raikou
|-supereffective|p2a: Raikou
|-damage|p2a: Raikou|8/100 slp
|
|-heal|p2a: Raikou|14/100 slp|[from] item: Leftovers
|-heal|p1a: Mr. Mojo|35/100|[from] item: Leftovers
|upkeep
|turn|50

|
|switch|p1a: Iroh|Snorlax, M|36/100
|-damage|p1a: Iroh|24/100|[from] Spikes
|-curestatus|p2a: Raikou|slp|[msg]
|move|p2a: Raikou|Hidden Power|p1a: Iroh
|-damage|p1a: Iroh|12/100
|
|-heal|p2a: Raikou|20/100|[from] item: Leftovers
|upkeep
|turn|51

|
|move|p2a: Raikou|Thunderbolt|p1a: Iroh
|-damage|p1a: Iroh|0 fnt
|faint|p1a: Iroh

|
|switch|p1a: Bugaboo|Heracross, M|37/100
|-damage|p1a: Bugaboo|24/100|[from] Spikes
|
|-heal|p2a: Raikou|26/100|[from] item: Leftovers
|-heal|p1a: Bugaboo|30/100|[from] item: Leftovers
|upkeep
|turn|52

|
|move|p2a: Raikou|Thunderbolt|p1a: Bugaboo
|-damage|p1a: Bugaboo|0 fnt
|faint|p1a: Bugaboo

|
|switch|p1a: Cottnmouth|Charizard, M|95/100
|
|-heal|p2a: Raikou|32/100|[from] item: Leftovers
|-heal|p1a: Cottnmouth|100/100|[from] item: Leftovers
|upkeep
|turn|53

|
|move|p2a: Raikou|Thunderbolt|p1a: Cottnmouth
|-supereffective|p1a: Cottnmouth
|-damage|p1a: Cottnmouth|22/100
|move|p1a: Cottnmouth|Fire Blast|p2a: Raikou
|-damage|p2a: Raikou|0 fnt
|faint|p2a: Raikou

|
|switch|p2a: Snorlax|Snorlax, M|100/100 slp
|-damage|p2a: Snorlax|88/100 slp|[from] Spikes
|
|-heal|p1a: Cottnmouth|28/100|[from] item: Leftovers
|-heal|p2a: Snorlax|94/100 slp|[from] item: Leftovers
|upkeep
|turn|54

|
|switch|p1a: ChiefChirp|Zapdos|99/100
|-curestatus|p2a: Snorlax|slp|[msg]
|move|p2a: Snorlax|Double-Edge|p1a: ChiefChirp
|-damage|p1a: ChiefChirp|57/100
|-damage|p2a: Snorlax|86/100|[from] Recoil|[of] p1a: ChiefChirp
|
|-heal|p1a: ChiefChirp|63/100|[from] item: Leftovers
|-heal|p2a: Snorlax|92/100|[from] item: Leftovers
|upkeep
|turn|55

|
|move|p1a: ChiefChirp|Thunderbolt|p2a: Snorlax
|-damage|p2a: Snorlax|69/100
|move|p2a: Snorlax|Curse|p2a: Snorlax
|-unboost|p2a: Snorlax|spe|1
|-boost|p2a: Snorlax|atk|1
|-boost|p2a: Snorlax|def|1
|
|-heal|p1a: ChiefChirp|69/100|[from] item: Leftovers
|-heal|p2a: Snorlax|75/100|[from] item: Leftovers
|upkeep
|turn|56

|
|switch|p1a: Mr. Mojo|Nidoking, M|35/100
|-damage|p1a: Mr. Mojo|23/100|[from] Spikes
|move|p2a: Snorlax|Curse|p2a: Snorlax
|-unboost|p2a: Snorlax|spe|1
|-boost|p2a: Snorlax|atk|1
|-boost|p2a: Snorlax|def|1
|
|-heal|p1a: Mr. Mojo|29/100|[from] item: Leftovers
|-heal|p2a: Snorlax|81/100|[from] item: Leftovers
|upkeep
|turn|57

|
|move|p1a: Mr. Mojo|Lovely Kiss|p2a: Snorlax
|-status|p2a: Snorlax|slp|[from] move: Lovely Kiss
|cant|p2a: Snorlax|slp
|
|-heal|p1a: Mr. Mojo|35/100|[from] item: Leftovers
|-heal|p2a: Snorlax|87/100 slp|[from] item: Leftovers
|upkeep
|turn|58

|
|switch|p1a: Cottnmouth|Charizard, M|28/100
|cant|p2a: Snorlax|slp
|
|-heal|p1a: Cottnmouth|34/100|[from] item: Leftovers
|-heal|p2a: Snorlax|93/100 slp|[from] item: Leftovers
|upkeep
|turn|59

|
|move|p1a: Cottnmouth|Sunny Day|p1a: Cottnmouth
|-weather|SunnyDay
|cant|p2a: Snorlax|slp
|
|-weather|SunnyDay|[upkeep]
|-heal|p1a: Cottnmouth|40/100|[from] item: Leftovers
|-heal|p2a: Snorlax|99/100 slp|[from] item: Leftovers
|upkeep
|turn|60

|
|move|p1a: Cottnmouth|Fire Blast|p2a: Snorlax
|-damage|p2a: Snorlax|60/100 slp
|cant|p2a: Snorlax|slp
|
|-weather|SunnyDay|[upkeep]
|-heal|p1a: Cottnmouth|46/100|[from] item: Leftovers
|-heal|p2a: Snorlax|66/100 slp|[from] item: Leftovers
|upkeep
|turn|61

|
|move|p1a: Cottnmouth|Fire Blast|p2a: Snorlax
|-damage|p2a: Snorlax|24/100 slp
|cant|p2a: Snorlax|slp
|
|-weather|SunnyDay|[upkeep]
|-heal|p1a: Cottnmouth|52/100|[from] item: Leftovers
|-heal|p2a: Snorlax|30/100 slp|[from] item: Leftovers
|upkeep
|turn|62

|
|move|p1a: Cottnmouth|Fire Blast|p2a: Snorlax
|-crit|p2a: Snorlax
|-damage|p2a: Snorlax|0 fnt
|faint|p2a: Snorlax
|
|win|Poesy