|init|battle
|title|luminoz vs. kennycat
|j|☆luminoz
|j|☆kennycat
|player|p1|luminoz|169|1122
|player|p2|kennycat|162|1000
|teamsize|p1|6
|teamsize|p2|6
|gametype|singles
|gen|2
|tier|[Gen 2] OU
|rated|
|rule|Sleep Clause Mod: Limit one foe put to sleep
|rule|Freeze Clause Mod: Limit one foe frozen
|rule|Species Clause: Limit one of each Pokémon
|rule|OHKO Clause: OHKO moves are banned
|rule|Evasion Moves Clause: Evasion moves are banned
|rule|HP Percentage Mod: HP is shown in percentages
|
|start
|switch|p1a: Cloyster|Cloyster, M|100/100
|switch|p2a: Snorlax|Snorlax, M|100/100
|turn|1

|
|move|p1a: Cloyster|Explosion|p2a: Snorlax
|-damage|p2a: Snorlax|0 fnt
|faint|p1a: Cloyster
|faint|p2a: Snorlax

|
|switch|p1a: Exeggutor|Exeggutor, M|100/100
|switch|p2a: Charizard|Charizard, M|100/100
|
|upkeep
|turn|2

|
|move|p2a: Charizard|Flamethrower|p1a: Exeggutor
|-supereffective|p1a: Exeggutor
|-damage|p1a: Exeggutor|23/100
|-status|p1a: Exeggutor|brn
|move|p1a: Exeggutor|Sleep Powder|p2a: Charizard
|-status|p2a: Charizard|slp|[from] move: Sleep Powder
|-damage|p1a: Exeggutor|11/100 brn|[from] brn|[of] p2a: Charizard
|
|-heal|p1a: Exeggutor|17/100 brn|[from] item: Leftovers
|upkeep
|turn|3

|
|switch|p1a: Muk|Muk, M|100/100
|cant|p2a: Charizard|slp
|
|upkeep
|turn|4

|inactive|Battle timer is ON: inactive players will automatically lose when time's up. (requested by kennycat)

|
|switch|p2a: Venusaur|Venusaur, M|100/100
|move|p1a: Muk|Substitute|p1a: Muk
|-start|p1a: Muk|Substitute
|-damage|p1a: Muk|76/100
|
|-heal|p1a: Muk|82/100|[from] item: Leftovers
|upkeep
|turn|5

|
|move|p2a: Venusaur|Sunny Day|p2a: Venusaur
|-weather|SunnyDay
|move|p1a: Muk|Sludge Bomb|p2a: Venusaur
|-damage|p2a: Venusaur|67/100
|
|-weather|SunnyDay|[upkeep]
|-heal|p2a: Venusaur|73/100|[from] item: Leftovers
|-heal|p1a: Muk|88/100|[from] item: Leftovers
|upkeep
|turn|6

|inactive|luminoz has 120 seconds left.

|
|move|p2a: Venusaur|Giga Drain|p1a: Muk
|-miss|p2a: Venusaur
|-hint|In Gen 2, draining moves always miss against Substitute.
|move|p1a: Muk|Fire Blast|p2a: Venusaur
|-supereffective|p2a: Venusaur
|-damage|p2a: Venusaur|11/100
|
|-weather|SunnyDay|[upkeep]
|-heal|p2a: Venusaur|17/100|[from] item: Leftovers
|-heal|p1a: Muk|94/100|[from] item: Leftovers
|upkeep
|turn|7

|
|move|p2a: Venusaur|Solar Beam||[still]
|-prepare|p2a: Venusaur|Solar Beam|p1a: Muk
|-anim|p2a: Venusaur|Solar Beam|p1a: Muk
|-crit|p1a: Muk
|-resisted|p1a: Muk
|-end|p1a: Muk|Substitute
|move|p1a: Muk|Fire Blast|p2a: Venusaur
|-supereffective|p2a: Venusaur
|-damage|p2a: Venusaur|0 fnt
|faint|p2a: Venusaur

|
|switch|p2a: Blastoise|Blastoise, M|100/100
|
|-weather|SunnyDay|[upkeep]
|-heal|p1a: Muk|99/100|[from] item: Leftovers
|upkeep
|turn|8

|
|move|p2a: Blastoise|Surf|p1a: Muk
|-damage|p1a: Muk|88/100
|move|p1a: Muk|Explosion|p2a: Blastoise
|-damage|p2a: Blastoise|0 fnt
|faint|p1a: Muk
|faint|p2a: Blastoise

|
|switch|p2a: Espeon|Espeon, M|100/100
|switch|p1a: Gengar|Gengar, M|100/100
|
|-weather|SunnyDay|[upkeep]
|upkeep
|turn|9

|
|move|p1a: Gengar|Explosion|p2a: Espeon
|-damage|p2a: Espeon|0 fnt
|faint|p1a: Gengar
|faint|p2a: Espeon

|
|switch|p2a: Charizard|Charizard, M|100/100 slp
|switch|p1a: Tyranitar|Tyranitar, M|100/100
|
|-weather|none
|upkeep
|turn|10

|
|cant|p2a: Charizard|slp
|move|p1a: Tyranitar|Rock Slide|p2a: Charizard
|-supereffective|p2a: Charizard
|-damage|p2a: Charizard|0 fnt
|faint|p2a: Charizard

|
|switch|p2a: Pikachu|Pikachu, M|100/100
|
|upkeep
|turn|11

|
|move|p2a: Pikachu|Thunderbolt|p1a: Tyranitar
|-damage|p1a: Tyranitar|82/100
|move|p1a: Tyranitar|Rock Slide|p2a: Pikachu
|-crit|p2a: Pikachu
|-damage|p2a: Pikachu|0 fnt
|faint|p2a: Pikachu
|
|win|luminoz