|init|battle
|title|geenyus vs. Yuji7
|j|☆geenyus
|j|☆Yuji7
|player|p1|geenyus|5|1623
|player|p2|Yuji7|169|1075
|teamsize|p1|6
|teamsize|p2|6
|gametype|singles
|gen|2
|tier|[Gen 2] OU
|rated|
|rule|Sleep Clause Mod: Limit one foe put to sleep
|rule|Freeze Clause Mod: Limit one foe frozen
|rule|Species Clause: Limit one of each Pokémon
|rule|OHKO Clause: OHKO moves are banned
|rule|Evasion Moves Clause: Evasion moves are banned
|rule|HP Percentage Mod: HP is shown in percentages
|
|start
|switch|p1a: Fish Queen|Jynx, F|100/100
|switch|p2a: Sgranokkio|Feraligatr, M|100/100
|turn|1

|
|switch|p2a: Blaze|Arcanine, M|100/100
|move|p1a: Fish Queen|Lovely Kiss|p2a: Blaze|[miss]
|-miss|p1a: Fish Queen
|
|upkeep
|turn|2

|
|switch|p1a: Snorlax|Snorlax, M|100/100
|move|p2a: Blaze|Fire Blast|p1a: Snorlax
|-damage|p1a: Snorlax|75/100
|
|-heal|p1a: Snorlax|82/100|[from] item: Leftovers
|upkeep
|turn|3

|
|switch|p2a: Mantis|Scizor, M|100/100
|move|p1a: Snorlax|Earthquake|p2a: Mantis
|-damage|p2a: Mantis|76/100
|
|-heal|p2a: Mantis|82/100|[from] item: Leftovers
|-heal|p1a: Snorlax|88/100|[from] item: Leftovers
|upkeep
|turn|4

|
|move|p2a: Mantis|Toxic|p1a: Snorlax|[miss]
|-miss|p2a: Mantis
|move|p1a: Snorlax|Curse|p1a: Snorlax
|-unboost|p1a: Snorlax|spe|1
|-boost|p1a: Snorlax|atk|1
|-boost|p1a: Snorlax|def|1
|
|-heal|p2a: Mantis|89/100|[from] item: Leftovers
|-heal|p1a: Snorlax|94/100|[from] item: Leftovers
|upkeep
|turn|5

|
|move|p2a: Mantis|Toxic|p1a: Snorlax
|-status|p1a: Snorlax|tox
|move|p1a: Snorlax|Curse|p1a: Snorlax
|-unboost|p1a: Snorlax|spe|1
|-boost|p1a: Snorlax|atk|1
|-boost|p1a: Snorlax|def|1
|-damage|p1a: Snorlax|88/100 tox|[from] psn
|
|-heal|p2a: Mantis|95/100|[from] item: Leftovers
|-heal|p1a: Snorlax|94/100 tox|[from] item: Leftovers
|upkeep
|turn|6

|
|move|p2a: Mantis|Return|p1a: Snorlax
|-damage|p1a: Snorlax|82/100 tox
|move|p1a: Snorlax|Earthquake|p2a: Mantis
|-damage|p2a: Mantis|44/100
|-damage|p1a: Snorlax|69/100 tox|[from] psn
|
|-heal|p2a: Mantis|50/100|[from] item: Leftovers
|-heal|p1a: Snorlax|75/100 tox|[from] item: Leftovers
|upkeep
|turn|7

|
|move|p2a: Mantis|Return|p1a: Snorlax
|-crit|p1a: Snorlax
|-damage|p1a: Snorlax|29/100 tox
|move|p1a: Snorlax|Earthquake|p2a: Mantis
|-damage|p2a: Mantis|0 fnt
|faint|p2a: Mantis

|
|switch|p2a: Sgranokkio|Feraligatr, M|100/100
|
|-heal|p1a: Snorlax|35/100 tox|[from] item: Leftovers
|upkeep
|turn|8

|
|move|p2a: Sgranokkio|Hydro Pump|p1a: Snorlax
|-damage|p1a: Snorlax|15/100 tox
|move|p1a: Snorlax|Rest|p1a: Snorlax
|-status|p1a: Snorlax|slp|[from] move: Rest
|-heal|p1a: Snorlax|100/100 slp|[silent]
|
|upkeep
|turn|9

|
|move|p2a: Sgranokkio|Hydro Pump|p1a: Snorlax
|-crit|p1a: Snorlax
|-damage|p1a: Snorlax|58/100 slp
|cant|p1a: Snorlax|slp
|
|-heal|p1a: Snorlax|64/100 slp|[from] item: Leftovers
|upkeep
|turn|10

|
|move|p2a: Sgranokkio|Hydro Pump|p1a: Snorlax
|-damage|p1a: Snorlax|43/100 slp
|cant|p1a: Snorlax|slp
|
|-heal|p1a: Snorlax|49/100 slp|[from] item: Leftovers
|upkeep
|turn|11

|
|move|p2a: Sgranokkio|Hydro Pump|p1a: Snorlax
|-damage|p1a: Snorlax|29/100 slp
|-curestatus|p1a: Snorlax|slp|[msg]
|move|p1a: Snorlax|Rest|p1a: Snorlax
|-status|p1a: Snorlax|slp|[from] move: Rest
|-heal|p1a: Snorlax|100/100 slp|[silent]
|
|upkeep
|turn|12

|inactive|Battle timer is ON: inactive players will automatically lose when time's up. (requested by Yuji7)

|
|move|p2a: Sgranokkio|Hydro Pump|p1a: Snorlax
|-damage|p1a: Snorlax|80/100 slp
|cant|p1a: Snorlax|slp
|
|-heal|p1a: Snorlax|86/100 slp|[from] item: Leftovers
|upkeep
|turn|13

|
|move|p2a: Sgranokkio|Hydro Pump|p1a: Snorlax
|-damage|p1a: Snorlax|65/100 slp
|cant|p1a: Snorlax|slp
|
|-heal|p1a: Snorlax|71/100 slp|[from] item: Leftovers
|upkeep
|turn|14

|
|move|p2a: Sgranokkio|Hydro Pump|p1a: Snorlax
|-damage|p1a: Snorlax|48/100 slp
|-curestatus|p1a: Snorlax|slp|[msg]
|move|p1a: Snorlax|Double-Edge|p2a: Sgranokkio
|-damage|p2a: Sgranokkio|16/100
|-damage|p1a: Snorlax|33/100|[from] Recoil|[of] p2a: Sgranokkio
|
|-heal|p2a: Sgranokkio|22/100|[from] item: Leftovers
|-heal|p1a: Snorlax|40/100|[from] item: Leftovers
|upkeep
|turn|15

|
|move|p2a: Sgranokkio|Hydro Pump|p1a: Snorlax
|-crit|p1a: Snorlax
|-damage|p1a: Snorlax|0 fnt
|faint|p1a: Snorlax

|
|switch|p1a: Cloyster|Cloyster, M|100/100
|
|-heal|p2a: Sgranokkio|29/100|[from] item: Leftovers
|upkeep
|turn|16

|inactive|Yuji7 has 120 seconds left.

|
|switch|p2a: Blaze|Arcanine, M|100/100
|move|p1a: Cloyster|Spikes|p2a: Blaze
|-sidestart|p2: Yuji7|Spikes
|
|upkeep
|turn|17

|inactive|Yuji7 has 120 seconds left.

|j| Snoop Croc

|
|switch|p2a: Lightning|Ampharos, M|100/100
|-damage|p2a: Lightning|88/100|[from] Spikes
|move|p1a: Cloyster|Explosion|p2a: Lightning
|-damage|p2a: Lightning|0 fnt
|faint|p1a: Cloyster
|faint|p2a: Lightning

|
|switch|p1a: Nidoking|Nidoking, M|100/100
|switch|p2a: Sgranokkio|Feraligatr, M|29/100
|-damage|p2a: Sgranokkio|16/100|[from] Spikes
|
|-heal|p2a: Sgranokkio|22/100|[from] item: Leftovers
|upkeep
|turn|18

|inactive|Yuji7 has 90 seconds left.

|
|move|p1a: Nidoking|Earthquake|p2a: Sgranokkio
|-damage|p2a: Sgranokkio|0 fnt
|faint|p2a: Sgranokkio

|inactive|Yuji7 has 90 seconds left.

|
|switch|p2a: Nite|Umbreon, M|100/100
|-damage|p2a: Nite|88/100|[from] Spikes
|
|-heal|p2a: Nite|94/100|[from] item: Leftovers
|upkeep
|turn|19

|inactive|Yuji7 has 90 seconds left.

|
|move|p1a: Nidoking|Thief|p2a: Nite
|-resisted|p2a: Nite
|-damage|p2a: Nite|91/100
|-item|p1a: Nidoking|Leftovers|[from] move: Thief|[of] p2a: Nite
|move|p2a: Nite|Psychic|p1a: Nidoking
|-supereffective|p1a: Nidoking
|-damage|p1a: Nidoking|64/100
|
|-heal|p1a: Nidoking|70/100|[from] item: Leftovers
|upkeep
|turn|20

|
|switch|p1a: Zapdos|Zapdos|100/100
|move|p2a: Nite|Psychic|p1a: Zapdos
|-damage|p1a: Zapdos|86/100
|
|-heal|p1a: Zapdos|92/100|[from] item: Leftovers
|upkeep
|turn|21

|inactive|Yuji7 has 90 seconds left.

|
|move|p1a: Zapdos|Thunder|p2a: Nite
|-damage|p2a: Nite|56/100
|move|p2a: Nite|Body Slam|p1a: Zapdos
|-damage|p1a: Zapdos|76/100
|
|-heal|p1a: Zapdos|82/100|[from] item: Leftovers
|upkeep
|turn|22

|
|move|p1a: Zapdos|Thunder|p2a: Nite
|-damage|p2a: Nite|22/100
|move|p2a: Nite|Body Slam|p1a: Zapdos
|-damage|p1a: Zapdos|68/100
|-status|p1a: Zapdos|par
|
|-heal|p1a: Zapdos|74/100 par|[from] item: Leftovers
|upkeep
|turn|23

|
|move|p2a: Nite|Body Slam|p1a: Zapdos
|-damage|p1a: Zapdos|59/100 par
|move|p1a: Zapdos|Rest|p1a: Zapdos
|-status|p1a: Zapdos|slp|[from] move: Rest
|-heal|p1a: Zapdos|100/100 slp|[silent]
|
|upkeep
|turn|24

|
|cant|p1a: Zapdos|slp
|move|p2a: Nite|Body Slam|p1a: Zapdos
|-damage|p1a: Zapdos|86/100 slp
|
|-heal|p1a: Zapdos|92/100 slp|[from] item: Leftovers
|upkeep
|turn|25

|
|cant|p1a: Zapdos|slp
|move|p1a: Zapdos|Sleep Talk|p1a: Zapdos
|move|p1a: Zapdos|Thunder|p2a: Nite|[from]Sleep Talk
|-damage|p2a: Nite|0 fnt
|faint|p2a: Nite

|inactive|Yuji7 has 120 seconds left.

|
|switch|p2a: Shiryu|Dragonite, M|100/100
|
|-heal|p1a: Zapdos|98/100 slp|[from] item: Leftovers
|upkeep
|turn|26

|
|-curestatus|p1a: Zapdos|slp|[msg]
|move|p1a: Zapdos|Hidden Power|p2a: Shiryu
|-crit|p2a: Shiryu
|-supereffective|p2a: Shiryu
|-damage|p2a: Shiryu|0 fnt
|faint|p2a: Shiryu

|
|switch|p2a: Blaze|Arcanine, M|100/100
|-damage|p2a: Blaze|88/100|[from] Spikes
|
|-heal|p1a: Zapdos|100/100|[from] item: Leftovers
|-heal|p2a: Blaze|94/100|[from] item: Leftovers
|upkeep
|turn|27

|
|move|p1a: Zapdos|Thunder|p2a: Blaze|[miss]
|-miss|p1a: Zapdos
|move|p2a: Blaze|Toxic|p1a: Zapdos
|-status|p1a: Zapdos|tox
|
|-heal|p2a: Blaze|99/100|[from] item: Leftovers
|upkeep
|turn|28

|
|move|p1a: Zapdos|Thunder|p2a: Blaze|[miss]
|-miss|p1a: Zapdos
|-damage|p1a: Zapdos|94/100 tox|[from] psn
|move|p2a: Blaze|Fire Blast|p1a: Zapdos
|-damage|p1a: Zapdos|57/100 tox
|
|-heal|p1a: Zapdos|63/100 tox|[from] item: Leftovers
|-heal|p2a: Blaze|100/100|[from] item: Leftovers
|upkeep
|turn|29

|
|move|p1a: Zapdos|Thunder|p2a: Blaze
|-damage|p2a: Blaze|54/100
|-damage|p1a: Zapdos|51/100 tox|[from] psn
|move|p2a: Blaze|Fire Blast|p1a: Zapdos
|-damage|p1a: Zapdos|9/100 tox
|
|-heal|p1a: Zapdos|15/100 tox|[from] item: Leftovers
|-heal|p2a: Blaze|60/100|[from] item: Leftovers
|upkeep
|turn|30

|
|move|p1a: Zapdos|Rest|p1a: Zapdos
|-status|p1a: Zapdos|slp|[from] move: Rest
|-heal|p1a: Zapdos|100/100 slp|[silent]
|move|p2a: Blaze|Fire Blast|p1a: Zapdos|[miss]
|-miss|p2a: Blaze
|
|-heal|p2a: Blaze|66/100|[from] item: Leftovers
|upkeep
|turn|31

|
|cant|p1a: Zapdos|slp
|move|p1a: Zapdos|Sleep Talk|p1a: Zapdos
|move|p1a: Zapdos|Hidden Power|p2a: Blaze|[from]Sleep Talk
|-resisted|p2a: Blaze
|-damage|p2a: Blaze|57/100
|move|p2a: Blaze|Fire Blast|p1a: Zapdos
|-damage|p1a: Zapdos|57/100 slp
|
|-heal|p1a: Zapdos|63/100 slp|[from] item: Leftovers
|-heal|p2a: Blaze|63/100|[from] item: Leftovers
|upkeep
|turn|32

|
|cant|p1a: Zapdos|slp
|move|p1a: Zapdos|Sleep Talk|p1a: Zapdos
|move|p1a: Zapdos|Rest|p1a: Zapdos|[from]Sleep Talk
|-status|p1a: Zapdos|slp|[from] move: Rest
|-heal|p1a: Zapdos|100/100 slp|[silent]
|move|p2a: Blaze|Fire Blast|p1a: Zapdos|[miss]
|-miss|p2a: Blaze
|
|-heal|p2a: Blaze|69/100|[from] item: Leftovers
|upkeep
|turn|33

|
|move|p2a: Blaze|Extreme Speed|p1a: Zapdos
|-damage|p1a: Zapdos|79/100 slp
|cant|p1a: Zapdos|slp
|move|p1a: Zapdos|Sleep Talk|p1a: Zapdos
|move|p1a: Zapdos|Thunder|p2a: Blaze|[from]Sleep Talk
|-damage|p2a: Blaze|14/100
|
|-heal|p1a: Zapdos|85/100 slp|[from] item: Leftovers
|-heal|p2a: Blaze|20/100|[from] item: Leftovers
|upkeep
|turn|34

|
|move|p2a: Blaze|Extreme Speed|p1a: Zapdos
|-damage|p1a: Zapdos|64/100 slp
|cant|p1a: Zapdos|slp
|move|p1a: Zapdos|Sleep Talk|p1a: Zapdos
|move|p1a: Zapdos|Hidden Power|p2a: Blaze|[from]Sleep Talk
|-resisted|p2a: Blaze
|-damage|p2a: Blaze|10/100
|
|-heal|p1a: Zapdos|70/100 slp|[from] item: Leftovers
|-heal|p2a: Blaze|16/100|[from] item: Leftovers
|upkeep
|turn|35

|
|switch|p1a: Gengar|Gengar, M|100/100
|move|p2a: Blaze|Extreme Speed|p1a: Gengar
|-immune|p1a: Gengar
|
|-heal|p2a: Blaze|22/100|[from] item: Leftovers
|upkeep
|turn|36

|
|move|p1a: Gengar|Thunderbolt|p2a: Blaze
|-damage|p2a: Blaze|0 fnt
|faint|p2a: Blaze
|
|win|geenyus