|init|battle
|title|TheYellowPeridot vs. Davesusername
|j|☆TheYellowPeridot
|j|☆Davesusername
|player|p1|TheYellowPeridot|2|1140
|player|p2|Davesusername|101|1066
|teamsize|p1|6
|teamsize|p2|6
|gametype|singles
|gen|2
|tier|[Gen 2] OU
|rated|
|rule|Sleep Clause Mod: Limit one foe put to sleep
|rule|Freeze Clause Mod: Limit one foe frozen
|rule|Species Clause: Limit one of each Pokémon
|rule|OHKO Clause: OHKO moves are banned
|rule|Evasion Moves Clause: Evasion moves are banned
|rule|HP Percentage Mod: HP is shown in percentages
|
|start
|switch|p1a: Scizor|Scizor, M|100/100
|switch|p2a: Forretress|Forretress, M|100/100
|turn|1

|
|move|p1a: Scizor|Agility|p1a: Scizor
|-boost|p1a: Scizor|spe|2
|move|p2a: Forretress|Spikes|p1a: Scizor
|-sidestart|p1: TheYellowPeridot|Spikes
|
|upkeep
|turn|2

|inactive|Battle timer is ON: inactive players will automatically lose when time's up. (requested by Davesusername)

|
|switch|p2a: Steelix|Steelix, M|100/100
|move|p1a: Scizor|Baton Pass|p1a: Scizor

|
|switch|p1a: Vaporeon|Vaporeon, M|100/100|[from]move: Baton Pass
|-damage|p1a: Vaporeon|88/100|[from] Spikes
|
|-heal|p1a: Vaporeon|94/100|[from] item: Leftovers
|upkeep
|turn|3

|
|move|p1a: Vaporeon|Acid Armor|p1a: Vaporeon
|-boost|p1a: Vaporeon|def|2
|move|p2a: Steelix|Roar|p1a: Vaporeon
|drag|p1a: Machamp|Machamp, M|100/100
|-damage|p1a: Machamp|88/100|[from] Spikes
|
|-heal|p1a: Machamp|94/100|[from] item: Leftovers
|upkeep
|turn|4

|
|switch|p2a: Zapdos|Zapdos|100/100
|move|p1a: Machamp|Fire Blast|p2a: Zapdos
|-damage|p2a: Zapdos|80/100
|
|-heal|p2a: Zapdos|86/100|[from] item: Leftovers
|-heal|p1a: Machamp|99/100|[from] item: Leftovers
|upkeep
|turn|5

|inactive|TheYellowPeridot has 120 seconds left.

|
|move|p2a: Zapdos|Thunder|p1a: Machamp
|-damage|p1a: Machamp|51/100
|move|p1a: Machamp|Rock Slide|p2a: Zapdos
|-supereffective|p2a: Zapdos
|-damage|p2a: Zapdos|43/100
|
|-heal|p2a: Zapdos|49/100|[from] item: Leftovers
|-heal|p1a: Machamp|57/100|[from] item: Leftovers
|upkeep
|turn|6

|inactive|TheYellowPeridot has 120 seconds left.

|
|switch|p2a: Starmie|Starmie|100/100
|move|p1a: Machamp|Rock Slide|p2a: Starmie
|-damage|p2a: Starmie|74/100
|
|-heal|p2a: Starmie|81/100|[from] item: Leftovers
|-heal|p1a: Machamp|63/100|[from] item: Leftovers
|upkeep
|turn|7

|inactive|TheYellowPeridot has 120 seconds left.

|
|switch|p1a: Scizor|Scizor, M|100/100
|-damage|p1a: Scizor|88/100|[from] Spikes
|move|p2a: Starmie|Surf|p1a: Scizor
|-damage|p1a: Scizor|52/100
|
|-heal|p2a: Starmie|87/100|[from] item: Leftovers
|-heal|p1a: Scizor|58/100|[from] item: Leftovers
|upkeep
|turn|8

|inactive|TheYellowPeridot has 120 seconds left.

|
|move|p2a: Starmie|Thunder Wave|p1a: Scizor
|-status|p1a: Scizor|par
|cant|p1a: Scizor|par
|
|-heal|p2a: Starmie|93/100|[from] item: Leftovers
|-heal|p1a: Scizor|64/100 par|[from] item: Leftovers
|upkeep
|turn|9

|
|switch|p2a: Machamp|Machamp, M|100/100
|move|p1a: Scizor|Agility|p1a: Scizor
|-boost|p1a: Scizor|spe|2
|
|-heal|p1a: Scizor|70/100 par|[from] item: Leftovers
|upkeep
|turn|10

|inactive|TheYellowPeridot has 120 seconds left.

|
|move|p2a: Machamp|Curse|p2a: Machamp
|-unboost|p2a: Machamp|spe|1
|-boost|p2a: Machamp|atk|1
|-boost|p2a: Machamp|def|1
|move|p1a: Scizor|Baton Pass|p1a: Scizor

|inactive|TheYellowPeridot has 120 seconds left.

|
|switch|p1a: Clefable|Clefable, M|100/100|[from]move: Baton Pass
|-damage|p1a: Clefable|88/100|[from] Spikes
|
|-heal|p1a: Clefable|94/100|[from] item: Leftovers
|upkeep
|turn|11

|
|move|p1a: Clefable|Encore|p2a: Machamp
|-start|p2a: Machamp|Encore
|move|p2a: Machamp|Curse|p2a: Machamp
|-unboost|p2a: Machamp|spe|1
|-boost|p2a: Machamp|atk|1
|-boost|p2a: Machamp|def|1
|
|-heal|p1a: Clefable|99/100|[from] item: Leftovers
|upkeep
|turn|12

|
|move|p1a: Clefable|Belly Drum|p1a: Clefable
|-damage|p1a: Clefable|50/100
|-setboost|p1a: Clefable|atk|6|[from] move: Belly Drum
|move|p2a: Machamp|Curse|p2a: Machamp
|-unboost|p2a: Machamp|spe|1
|-boost|p2a: Machamp|atk|1
|-boost|p2a: Machamp|def|1
|
|-heal|p1a: Clefable|56/100|[from] item: Leftovers
|upkeep
|turn|13

|
|switch|p2a: Steelix|Steelix, M|100/100
|move|p1a: Clefable|Return|p2a: Steelix
|-crit|p2a: Steelix
|-resisted|p2a: Steelix
|-damage|p2a: Steelix|32/100
|
|-heal|p1a: Clefable|63/100|[from] item: Leftovers
|-heal|p2a: Steelix|38/100|[from] item: Leftovers
|upkeep
|turn|14

|
|move|p1a: Clefable|Return|p2a: Steelix
|-resisted|p2a: Steelix
|-damage|p2a: Steelix|4/100
|move|p2a: Steelix|Roar|p1a: Clefable
|drag|p1a: Vaporeon|Vaporeon, M|94/100
|-damage|p1a: Vaporeon|82/100|[from] Spikes
|
|-heal|p1a: Vaporeon|88/100|[from] item: Leftovers
|-heal|p2a: Steelix|11/100|[from] item: Leftovers
|upkeep
|turn|15

|j| Gen7OUOUU

|
|switch|p2a: Starmie|Starmie|93/100
|move|p1a: Vaporeon|Surf|p2a: Starmie
|-resisted|p2a: Starmie
|-damage|p2a: Starmie|74/100
|
|-heal|p2a: Starmie|80/100|[from] item: Leftovers
|-heal|p1a: Vaporeon|94/100|[from] item: Leftovers
|upkeep
|turn|16

|c| Gen7OUOUU|Dang

|
|switch|p1a: Scizor|Scizor, M|70/100 par
|-damage|p1a: Scizor|58/100 par|[from] Spikes
|move|p2a: Starmie|Thunder Wave|p1a: Scizor
|-fail|p1a: Scizor|par
|
|-heal|p2a: Starmie|87/100|[from] item: Leftovers
|-heal|p1a: Scizor|64/100 par|[from] item: Leftovers
|upkeep
|turn|17

|l| Gen7OUOUU

|
|move|p2a: Starmie|Surf|p1a: Scizor
|-damage|p1a: Scizor|26/100 par
|cant|p1a: Scizor|par
|
|-heal|p2a: Starmie|93/100|[from] item: Leftovers
|-heal|p1a: Scizor|32/100 par|[from] item: Leftovers
|upkeep
|turn|18

|
|move|p2a: Starmie|Surf|p1a: Scizor
|-damage|p1a: Scizor|0 fnt
|faint|p1a: Scizor

|
|switch|p1a: Raikou|Raikou|100/100
|-damage|p1a: Raikou|88/100|[from] Spikes
|
|-heal|p2a: Starmie|99/100|[from] item: Leftovers
|-heal|p1a: Raikou|94/100|[from] item: Leftovers
|upkeep
|turn|19

|
|switch|p2a: Snorlax|Snorlax, M|100/100
|move|p1a: Raikou|Thunderbolt|p2a: Snorlax
|-damage|p2a: Snorlax|77/100
|
|-heal|p1a: Raikou|99/100|[from] item: Leftovers
|-heal|p2a: Snorlax|83/100|[from] item: Leftovers
|upkeep
|turn|20

|
|switch|p1a: Clefable|Clefable, M|63/100
|-damage|p1a: Clefable|50/100|[from] Spikes
|move|p2a: Snorlax|Lovely Kiss|p1a: Clefable
|-status|p1a: Clefable|slp|[from] move: Lovely Kiss
|
|-heal|p1a: Clefable|56/100 slp|[from] item: Leftovers
|-heal|p2a: Snorlax|89/100|[from] item: Leftovers
|upkeep
|turn|21

|
|switch|p1a: Machamp|Machamp, M|63/100
|-damage|p1a: Machamp|51/100|[from] Spikes
|move|p2a: Snorlax|Double-Edge|p1a: Machamp
|-damage|p1a: Machamp|3/100
|-damage|p2a: Snorlax|81/100|[from] Recoil|[of] p1a: Machamp
|
|-heal|p1a: Machamp|9/100|[from] item: Leftovers
|-heal|p2a: Snorlax|87/100|[from] item: Leftovers
|upkeep
|turn|22

|
|switch|p2a: Starmie|Starmie|99/100
|move|p1a: Machamp|Cross Chop|p2a: Starmie|[miss]
|-miss|p1a: Machamp
|
|-heal|p2a: Starmie|100/100|[from] item: Leftovers
|-heal|p1a: Machamp|15/100|[from] item: Leftovers
|upkeep
|turn|23

|
|switch|p1a: Clefable|Clefable, M|56/100 slp
|-damage|p1a: Clefable|44/100 slp|[from] Spikes
|move|p2a: Starmie|Surf|p1a: Clefable
|-damage|p1a: Clefable|15/100 slp
|
|-heal|p1a: Clefable|21/100 slp|[from] item: Leftovers
|upkeep
|turn|24

|
|move|p2a: Starmie|Surf|p1a: Clefable
|-damage|p1a: Clefable|0 fnt
|faint|p1a: Clefable

|
|switch|p1a: Vaporeon|Vaporeon, M|94/100
|-damage|p1a: Vaporeon|82/100|[from] Spikes
|
|-heal|p1a: Vaporeon|88/100|[from] item: Leftovers
|upkeep
|turn|25

|
|move|p2a: Starmie|Thunder Wave|p1a: Vaporeon
|-status|p1a: Vaporeon|par
|move|p1a: Vaporeon|Growth|p1a: Vaporeon
|-boost|p1a: Vaporeon|spa|1
|
|-heal|p1a: Vaporeon|94/100 par|[from] item: Leftovers
|upkeep
|turn|26

|
|switch|p2a: Snorlax|Snorlax, M|87/100
|move|p1a: Vaporeon|Acid Armor|p1a: Vaporeon
|-boost|p1a: Vaporeon|def|2
|
|-heal|p2a: Snorlax|93/100|[from] item: Leftovers
|-heal|p1a: Vaporeon|99/100 par|[from] item: Leftovers
|upkeep
|turn|27

|
|move|p2a: Snorlax|Double-Edge|p1a: Vaporeon
|-damage|p1a: Vaporeon|77/100 par
|-damage|p2a: Snorlax|88/100|[from] Recoil|[of] p1a: Vaporeon
|move|p1a: Vaporeon|Growth|p1a: Vaporeon
|-boost|p1a: Vaporeon|spa|1
|
|-heal|p2a: Snorlax|94/100|[from] item: Leftovers
|-heal|p1a: Vaporeon|83/100 par|[from] item: Leftovers
|upkeep
|turn|28

|
|move|p2a: Snorlax|Self-Destruct|p1a: Vaporeon
|-damage|p1a: Vaporeon|13/100 par
|faint|p2a: Snorlax

|
|switch|p2a: Starmie|Starmie|100/100
|
|-heal|p1a: Vaporeon|19/100 par|[from] item: Leftovers
|upkeep
|turn|29

|
|move|p2a: Starmie|Surf|p1a: Vaporeon
|-resisted|p1a: Vaporeon
|-damage|p1a: Vaporeon|6/100 par
|move|p1a: Vaporeon|Baton Pass|p1a: Vaporeon

|
|switch|p1a: Raikou|Raikou|99/100|[from]move: Baton Pass
|-damage|p1a: Raikou|88/100|[from] Spikes
|
|-heal|p1a: Raikou|94/100|[from] item: Leftovers
|upkeep
|turn|30

|inactive|Davesusername has 120 seconds left.

|
|move|p2a: Starmie|Surf|p1a: Raikou
|-damage|p1a: Raikou|62/100
|move|p1a: Raikou|Thunderbolt|p2a: Starmie
|-supereffective|p2a: Starmie
|-damage|p2a: Starmie|0 fnt
|faint|p2a: Starmie

|inactive|Davesusername has 120 seconds left.

|
|switch|p2a: Machamp|Machamp, M|100/100
|
|-heal|p1a: Raikou|68/100|[from] item: Leftovers
|upkeep
|turn|31

|inactive|Davesusername has 120 seconds left.

|
|move|p1a: Raikou|Thunderbolt|p2a: Machamp
|-damage|p2a: Machamp|33/100
|move|p2a: Machamp|Cross Chop|p1a: Raikou|[miss]
|-miss|p2a: Machamp
|
|-heal|p1a: Raikou|74/100|[from] item: Leftovers
|-heal|p2a: Machamp|39/100|[from] item: Leftovers
|upkeep
|turn|32

|inactive|Davesusername has 120 seconds left.

|
|move|p1a: Raikou|Thunderbolt|p2a: Machamp
|-damage|p2a: Machamp|0 fnt
|faint|p2a: Machamp

|inactive|Davesusername has 120 seconds left.

|-message|Davesusername forfeited.

|
|win|TheYellowPeridot