|init|battle
|title|Me111 vs. SuperDPD
|j|☆Me111
|j|☆SuperDPD
|player|p1|Me111|169|
|player|p2|SuperDPD|266|
|teamsize|p1|6
|teamsize|p2|6
|gametype|singles
|gen|2
|tier|[Gen 2] OU
|rule|Sleep Clause Mod: Limit one foe put to sleep
|rule|Freeze Clause Mod: Limit one foe frozen
|rule|Species Clause: Limit one of each Pokémon
|rule|OHKO Clause: OHKO moves are banned
|rule|Evasion Moves Clause: Evasion moves are banned
|rule|HP Percentage Mod: HP is shown in percentages
|
|start
|switch|p1a: Dragonite|Dragonite, M|100/100
|switch|p2a: Cloyster|Cloyster, M|100/100
|turn|1

|
|switch|p1a: Jolteon|Jolteon, M|100/100
|move|p2a: Cloyster|Spikes|p1a: Jolteon
|-sidestart|p1: Me111|Spikes
|
|upkeep
|turn|2

|
|move|p2a: Cloyster|Protect|p2a: Cloyster
|-singleturn|p2a: Cloyster|Protect
|move|p1a: Jolteon|Thunderbolt|p2a: Cloyster
|-activate|p2a: Cloyster|Protect
|
|upkeep
|turn|3

|
|switch|p2a: Marowak|Marowak, M|100/100
|move|p1a: Jolteon|Thunderbolt|p2a: Marowak
|-immune|p2a: Marowak
|
|upkeep
|turn|4

|
|move|p1a: Jolteon|Shadow Ball|p2a: Marowak
|-damage|p2a: Marowak|87/100
|move|p2a: Marowak|Earthquake|p1a: Jolteon
|-supereffective|p1a: Jolteon
|-damage|p1a: Jolteon|0 fnt
|faint|p1a: Jolteon

|
|switch|p1a: Suicune|Suicune|100/100
|-damage|p1a: Suicune|88/100|[from] Spikes
|
|upkeep
|turn|5

|
|move|p1a: Suicune|Hydro Pump|p2a: Marowak|[miss]
|-miss|p1a: Suicune
|move|p2a: Marowak|Swords Dance|p2a: Marowak
|-boost|p2a: Marowak|atk|2
|
|upkeep
|turn|6

|
|switch|p2a: Pikachu|Pikachu, M|100/100
|move|p1a: Suicune|Hydro Pump|p2a: Pikachu
|-damage|p2a: Pikachu|0 fnt
|faint|p2a: Pikachu

|
|switch|p2a: Gengar|Gengar, M|100/100
|
|upkeep
|turn|7

|
|move|p2a: Gengar|Mean Look|p1a: Suicune
|-activate|p1a: Suicune|trapped
|move|p1a: Suicune|Hydro Pump|p2a: Gengar
|-damage|p2a: Gengar|49/100
|
|-enditem|p2a: Gengar|Gold Berry|[eat]
|-heal|p2a: Gengar|59/100|[from] item: Gold Berry
|upkeep
|turn|8

|
|move|p2a: Gengar|Perish Song|p2a: Gengar
|-start|p1a: Suicune|perish3|[silent]
|-start|p2a: Gengar|perish3|[silent]
|-fieldactivate|move: Perish Song
|move|p1a: Suicune|Hydro Pump|p2a: Gengar|[miss]
|-miss|p1a: Suicune
|
|-start|p2a: Gengar|perish3
|-start|p1a: Suicune|perish3
|upkeep
|turn|9

|
|switch|p2a: Snorlax|Snorlax, M|100/100
|move|p1a: Suicune|Hydro Pump|p2a: Snorlax|[miss]
|-miss|p1a: Suicune
|
|-start|p1a: Suicune|perish2
|upkeep
|turn|10

|
|switch|p1a: Exeggutor|Exeggutor, M|100/100
|-damage|p1a: Exeggutor|88/100|[from] Spikes
|move|p2a: Snorlax|Curse|p2a: Snorlax
|-unboost|p2a: Snorlax|spe|1
|-boost|p2a: Snorlax|atk|1
|-boost|p2a: Snorlax|def|1
|
|upkeep
|turn|11

|
|move|p1a: Exeggutor|Leech Seed|p2a: Snorlax
|-start|p2a: Snorlax|move: Leech Seed
|move|p2a: Snorlax|Curse|p2a: Snorlax
|-unboost|p2a: Snorlax|spe|1
|-boost|p2a: Snorlax|atk|1
|-boost|p2a: Snorlax|def|1
|-damage|p2a: Snorlax|88/100|[from] Leech Seed|[of] p1a: Exeggutor
|-heal|p1a: Exeggutor|100/100|[silent]
|
|-heal|p2a: Snorlax|94/100|[from] item: Leftovers
|upkeep
|turn|12

|
|move|p1a: Exeggutor|Toxic|p2a: Snorlax
|-status|p2a: Snorlax|tox
|move|p2a: Snorlax|Return|p1a: Exeggutor
|-damage|p1a: Exeggutor|32/100
|-damage|p2a: Snorlax|88/100 tox|[from] psn
|-damage|p2a: Snorlax|76/100 tox|[from] Leech Seed|[of] p1a: Exeggutor
|-heal|p1a: Exeggutor|49/100|[silent]
|
|-heal|p2a: Snorlax|82/100 tox|[from] item: Leftovers
|upkeep
|turn|13

|
|move|p1a: Exeggutor|Protect|p1a: Exeggutor
|-singleturn|p1a: Exeggutor|Protect
|move|p2a: Snorlax|Return|p1a: Exeggutor
|-activate|p1a: Exeggutor|Protect
|-damage|p2a: Snorlax|70/100 tox|[from] psn
|-damage|p2a: Snorlax|57/100 tox|[from] Leech Seed|[of] p1a: Exeggutor
|-heal|p1a: Exeggutor|65/100|[silent]
|
|-heal|p2a: Snorlax|63/100 tox|[from] item: Leftovers
|upkeep
|turn|14

|
|move|p1a: Exeggutor|Giga Drain|p2a: Snorlax
|-damage|p2a: Snorlax|49/100 tox
|-heal|p1a: Exeggutor|75/100|[from] drain|[of] p2a: Snorlax
|move|p2a: Snorlax|Rest|p2a: Snorlax
|-status|p2a: Snorlax|slp|[from] move: Rest
|-heal|p2a: Snorlax|100/100 slp|[silent]
|-damage|p2a: Snorlax|88/100 slp|[from] Leech Seed|[of] p1a: Exeggutor
|-heal|p1a: Exeggutor|91/100|[silent]
|
|-heal|p2a: Snorlax|94/100 slp|[from] item: Leftovers
|upkeep
|turn|15

|
|move|p1a: Exeggutor|Giga Drain|p2a: Snorlax
|-damage|p2a: Snorlax|79/100 slp
|-heal|p1a: Exeggutor|100/100|[from] drain|[of] p2a: Snorlax
|cant|p2a: Snorlax|slp
|-damage|p2a: Snorlax|66/100 slp|[from] Leech Seed|[of] p1a: Exeggutor
|
|-heal|p2a: Snorlax|73/100 slp|[from] item: Leftovers
|upkeep
|turn|16

|
|switch|p1a: Dragonite|Dragonite, M|100/100
|cant|p2a: Snorlax|slp
|-damage|p2a: Snorlax|60/100 slp|[from] Leech Seed|[of] p1a: Dragonite
|
|-heal|p2a: Snorlax|66/100 slp|[from] item: Leftovers
|upkeep
|turn|17

|
|move|p1a: Dragonite|Haze|p1a: Dragonite
|-clearallboost
|-curestatus|p2a: Snorlax|slp|[msg]
|move|p2a: Snorlax|Return|p1a: Dragonite
|-damage|p1a: Dragonite|68/100
|-damage|p2a: Snorlax|54/100|[from] Leech Seed|[of] p1a: Dragonite
|-heal|p1a: Dragonite|84/100|[silent]
|
|-heal|p1a: Dragonite|91/100|[from] item: Leftovers
|-heal|p2a: Snorlax|60/100|[from] item: Leftovers
|upkeep
|turn|18

|
|switch|p2a: Cloyster|Cloyster, M|100/100
|move|p1a: Dragonite|Fire Blast|p2a: Cloyster
|-damage|p2a: Cloyster|55/100
|-status|p2a: Cloyster|brn
|
|-heal|p1a: Dragonite|97/100|[from] item: Leftovers
|-heal|p2a: Cloyster|61/100 brn|[from] item: Leftovers
|upkeep
|turn|19

|
|switch|p1a: Exeggutor|Exeggutor, M|100/100
|-damage|p1a: Exeggutor|88/100|[from] Spikes
|move|p2a: Cloyster|Ice Beam|p1a: Exeggutor
|-supereffective|p1a: Exeggutor
|-damage|p1a: Exeggutor|23/100
|-damage|p2a: Cloyster|49/100 brn|[from] brn|[of] p1a: Exeggutor
|
|-heal|p2a: Cloyster|55/100 brn|[from] item: Leftovers
|upkeep
|turn|20

|
|move|p2a: Cloyster|Ice Beam|p1a: Exeggutor
|-supereffective|p1a: Exeggutor
|-damage|p1a: Exeggutor|0 fnt
|faint|p1a: Exeggutor

|
|switch|p1a: Tyranitar|Tyranitar, M|100/100
|-damage|p1a: Tyranitar|88/100|[from] Spikes
|
|-heal|p2a: Cloyster|61/100 brn|[from] item: Leftovers
|-heal|p1a: Tyranitar|94/100|[from] item: Leftovers
|upkeep
|turn|21

|
|move|p2a: Cloyster|Protect|p2a: Cloyster
|-singleturn|p2a: Cloyster|Protect
|-damage|p2a: Cloyster|48/100 brn|[from] brn
|move|p1a: Tyranitar|Rock Slide|p2a: Cloyster
|-activate|p2a: Cloyster|Protect
|
|-heal|p2a: Cloyster|54/100 brn|[from] item: Leftovers
|-heal|p1a: Tyranitar|100/100|[from] item: Leftovers
|upkeep
|turn|22

|
|move|p2a: Cloyster|Ice Beam|p1a: Tyranitar
|-damage|p1a: Tyranitar|74/100
|-damage|p2a: Cloyster|42/100 brn|[from] brn|[of] p1a: Tyranitar
|move|p1a: Tyranitar|Rock Slide|p2a: Cloyster
|-supereffective|p2a: Cloyster
|-damage|p2a: Cloyster|0 fnt
|faint|p2a: Cloyster

|
|switch|p2a: Snorlax|Snorlax, M|60/100
|
|-heal|p1a: Tyranitar|80/100|[from] item: Leftovers
|-heal|p2a: Snorlax|66/100|[from] item: Leftovers
|upkeep
|turn|23

|
|move|p2a: Snorlax|Curse|p2a: Snorlax
|-unboost|p2a: Snorlax|spe|1
|-boost|p2a: Snorlax|atk|1
|-boost|p2a: Snorlax|def|1
|move|p1a: Tyranitar|Roar|p2a: Snorlax
|drag|p2a: Jynx|Jynx, F|100/100
|
|-heal|p1a: Tyranitar|87/100|[from] item: Leftovers
|upkeep
|turn|24

|
|move|p2a: Jynx|Lovely Kiss|p1a: Tyranitar|[miss]
|-miss|p2a: Jynx
|move|p1a: Tyranitar|Rock Slide|p2a: Jynx
|-supereffective|p2a: Jynx
|-damage|p2a: Jynx|0 fnt
|faint|p2a: Jynx

|
|switch|p2a: Marowak|Marowak, M|87/100
|
|-heal|p1a: Tyranitar|93/100|[from] item: Leftovers
|upkeep
|turn|25

|
|move|p1a: Tyranitar|Outrage|p2a: Marowak
|-damage|p2a: Marowak|61/100
|move|p2a: Marowak|Earthquake|p1a: Tyranitar
|-crit|p1a: Tyranitar
|-supereffective|p1a: Tyranitar
|-damage|p1a: Tyranitar|0 fnt
|faint|p1a: Tyranitar

|
|switch|p1a: Suicune|Suicune|88/100
|-damage|p1a: Suicune|76/100|[from] Spikes
|
|upkeep
|turn|26

|
|switch|p2a: Gengar|Gengar, M|59/100
|move|p1a: Suicune|Hydro Pump|p2a: Gengar
|-damage|p2a: Gengar|6/100
|
|upkeep
|turn|27

|
|move|p2a: Gengar|Perish Song|p2a: Gengar
|-start|p1a: Suicune|perish3|[silent]
|-start|p2a: Gengar|perish3|[silent]
|-fieldactivate|move: Perish Song
|move|p1a: Suicune|Ice Beam|p2a: Gengar
|-crit|p2a: Gengar
|-damage|p2a: Gengar|0 fnt
|faint|p2a: Gengar

|
|switch|p2a: Snorlax|Snorlax, M|66/100
|
|-heal|p2a: Snorlax|72/100|[from] item: Leftovers
|-start|p1a: Suicune|perish3
|upkeep
|turn|28

|l|☆Me111

|player|p1|
|j| Me1111

|l|me1111

|j|☆Me111

|player|p1|Me111|169

|
|move|p1a: Suicune|Hydro Pump|p2a: Snorlax
|-damage|p2a: Snorlax|46/100
|move|p2a: Snorlax|Curse|p2a: Snorlax
|-unboost|p2a: Snorlax|spe|1
|-boost|p2a: Snorlax|atk|1
|-boost|p2a: Snorlax|def|1
|
|-heal|p2a: Snorlax|52/100|[from] item: Leftovers
|-start|p1a: Suicune|perish2
|upkeep
|turn|29

|
|switch|p1a: Dragonite|Dragonite, M|97/100
|move|p2a: Snorlax|Curse|p2a: Snorlax
|-unboost|p2a: Snorlax|spe|1
|-boost|p2a: Snorlax|atk|1
|-boost|p2a: Snorlax|def|1
|
|-heal|p1a: Dragonite|100/100|[from] item: Leftovers
|-heal|p2a: Snorlax|58/100|[from] item: Leftovers
|upkeep
|turn|30

|
|move|p1a: Dragonite|Haze|p1a: Dragonite
|-clearallboost
|move|p2a: Snorlax|Return|p1a: Dragonite
|-damage|p1a: Dragonite|69/100
|
|-heal|p1a: Dragonite|75/100|[from] item: Leftovers
|-heal|p2a: Snorlax|64/100|[from] item: Leftovers
|upkeep
|turn|31

|
|move|p1a: Dragonite|Fire Blast|p2a: Snorlax
|-damage|p2a: Snorlax|48/100
|move|p2a: Snorlax|Return|p1a: Dragonite
|-damage|p1a: Dragonite|43/100
|
|-heal|p1a: Dragonite|49/100|[from] item: Leftovers
|-heal|p2a: Snorlax|54/100|[from] item: Leftovers
|upkeep
|turn|32

|
|move|p1a: Dragonite|Dragon Breath|p2a: Snorlax
|-damage|p2a: Snorlax|40/100
|move|p2a: Snorlax|Return|p1a: Dragonite
|-damage|p1a: Dragonite|17/100
|
|-heal|p1a: Dragonite|23/100|[from] item: Leftovers
|-heal|p2a: Snorlax|47/100|[from] item: Leftovers
|upkeep
|turn|33

|
|switch|p1a: Arcanine|Arcanine, M|100/100
|-damage|p1a: Arcanine|88/100|[from] Spikes
|move|p2a: Snorlax|Return|p1a: Arcanine
|-damage|p1a: Arcanine|47/100
|
|-heal|p1a: Arcanine|53/100|[from] item: Leftovers
|-heal|p2a: Snorlax|53/100|[from] item: Leftovers
|upkeep
|turn|34

|
|move|p1a: Arcanine|Fire Blast|p2a: Snorlax
|-damage|p2a: Snorlax|28/100
|-status|p2a: Snorlax|brn
|move|p2a: Snorlax|Earthquake|p1a: Arcanine
|-supereffective|p1a: Arcanine
|-damage|p1a: Arcanine|27/100
|-damage|p2a: Snorlax|16/100 brn|[from] brn|[of] p1a: Arcanine
|
|-heal|p1a: Arcanine|33/100|[from] item: Leftovers
|-heal|p2a: Snorlax|22/100 brn|[from] item: Leftovers
|upkeep
|turn|35

|
|switch|p2a: Marowak|Marowak, M|61/100
|move|p1a: Arcanine|Fire Blast|p2a: Marowak
|-damage|p2a: Marowak|13/100
|
|-heal|p1a: Arcanine|39/100|[from] item: Leftovers
|upkeep
|turn|36

|
|move|p1a: Arcanine|Extreme Speed|p2a: Marowak
|-damage|p2a: Marowak|0 fnt
|faint|p2a: Marowak

|
|switch|p2a: Snorlax|Snorlax, M|22/100 brn
|
|-heal|p1a: Arcanine|45/100|[from] item: Leftovers
|-heal|p2a: Snorlax|28/100 brn|[from] item: Leftovers
|upkeep
|turn|37

|
|move|p1a: Arcanine|Fire Blast|p2a: Snorlax
|-damage|p2a: Snorlax|3/100 brn
|move|p2a: Snorlax|Earthquake|p1a: Arcanine
|-supereffective|p1a: Arcanine
|-damage|p1a: Arcanine|17/100
|-damage|p2a: Snorlax|0 fnt|[from] brn|[of] p1a: Arcanine
|faint|p2a: Snorlax
|
|win|Me111