|init|battle
|title|Godofbop vs. Gen7OUOU
|j|☆Godofbop
|j|☆Gen7OUOU
|player|p1|Godofbop|265|1068
|player|p2|Gen7OUOU|129|1219
|teamsize|p1|6
|teamsize|p2|6
|gametype|singles
|gen|2
|tier|[Gen 2] OU
|rated|
|rule|Sleep Clause Mod: Limit one foe put to sleep
|rule|Freeze Clause Mod: Limit one foe frozen
|rule|Species Clause: Limit one of each Pokémon
|rule|OHKO Clause: OHKO moves are banned
|rule|Evasion Moves Clause: Evasion moves are banned
|rule|HP Percentage Mod: HP is shown in percentages
|
|start
|switch|p1a: Snorlax|Snorlax, M|100/100
|switch|p2a: Blissey|Blissey, F|100/100
|turn|1

|
|switch|p2a: Machamp|Machamp, M|100/100
|move|p1a: Snorlax|Double-Edge|p2a: Machamp
|-damage|p2a: Machamp|57/100
|-damage|p1a: Snorlax|93/100|[from] Recoil|[of] p2a: Machamp
|
|-heal|p2a: Machamp|63/100|[from] item: Leftovers
|-heal|p1a: Snorlax|99/100|[from] item: Leftovers
|upkeep
|turn|2

|
|switch|p1a: Misdreavus|Misdreavus, M|100/100
|move|p2a: Machamp|Cross Chop|p1a: Misdreavus
|-immune|p1a: Misdreavus
|
|-heal|p2a: Machamp|69/100|[from] item: Leftovers
|upkeep
|turn|3

|
|switch|p2a: Golem|Golem, M|100/100
|move|p1a: Misdreavus|Mean Look|p2a: Golem
|-activate|p2a: Golem|trapped
|
|upkeep
|turn|4

|
|move|p1a: Misdreavus|Perish Song|p1a: Misdreavus
|-start|p1a: Misdreavus|perish3|[silent]
|-start|p2a: Golem|perish3|[silent]
|-fieldactivate|move: Perish Song
|move|p2a: Golem|Earthquake|p1a: Misdreavus
|-damage|p1a: Misdreavus|50/100
|
|-heal|p1a: Misdreavus|57/100|[from] item: Leftovers
|-start|p1a: Misdreavus|perish3
|-start|p2a: Golem|perish3
|upkeep
|turn|5

|
|move|p1a: Misdreavus|Protect|p1a: Misdreavus
|-singleturn|p1a: Misdreavus|Protect
|move|p2a: Golem|Earthquake|p1a: Misdreavus
|-activate|p1a: Misdreavus|Protect
|
|-heal|p1a: Misdreavus|63/100|[from] item: Leftovers
|-start|p1a: Misdreavus|perish2
|-start|p2a: Golem|perish2
|upkeep
|turn|6

|
|move|p1a: Misdreavus|Protect|p1a: Misdreavus
|-fail|p1a: Misdreavus
|move|p2a: Golem|Earthquake|p1a: Misdreavus
|-damage|p1a: Misdreavus|6/100
|
|-heal|p1a: Misdreavus|12/100|[from] item: Leftovers
|-start|p1a: Misdreavus|perish1
|-start|p2a: Golem|perish1
|upkeep
|turn|7

|
|switch|p1a: Skarmory|Skarmory, M|100/100
|move|p2a: Golem|Explosion|p1a: Skarmory
|-resisted|p1a: Skarmory
|-damage|p1a: Skarmory|49/100
|faint|p2a: Golem

|
|switch|p2a: Jolteon|Jolteon, M|100/100
|
|-heal|p1a: Skarmory|55/100|[from] item: Leftovers
|upkeep
|turn|8

|-message|Godofbop forfeited.

|
|win|Gen7OUOU