|init|battle
|title|Hidol vs. Snoop Croc
|j|☆Hidol
|j|☆Snoop Croc
|player|p1|Hidol|266|1153
|player|p2|Snoop Croc|126|1525
|teamsize|p1|6
|teamsize|p2|6
|gametype|singles
|gen|2
|tier|[Gen 2] OU
|rated|
|rule|Sleep Clause Mod: Limit one foe put to sleep
|rule|Freeze Clause Mod: Limit one foe frozen
|rule|Species Clause: Limit one of each Pokémon
|rule|OHKO Clause: OHKO moves are banned
|rule|Evasion Moves Clause: Evasion moves are banned
|rule|HP Percentage Mod: HP is shown in percentages
|
|start
|switch|p1a: Machamp|Machamp, M|100/100
|switch|p2a: Cloyster|Cloyster, M|100/100
|turn|1

|
|move|p2a: Cloyster|Spikes|p1a: Machamp
|-sidestart|p1: Hidol|Spikes
|move|p1a: Machamp|Cross Chop|p2a: Cloyster
|-supereffective|p2a: Cloyster
|-damage|p2a: Cloyster|43/100
|
|-heal|p2a: Cloyster|49/100|[from] item: Leftovers
|upkeep
|turn|2

|
|move|p2a: Cloyster|Explosion|p1a: Machamp
|-damage|p1a: Machamp|0 fnt
|faint|p2a: Cloyster
|faint|p1a: Machamp

|
|switch|p2a: Dewgong|Dewgong, M|100/100
|switch|p1a: Charizard|Charizard, M|100/100
|
|upkeep
|turn|3

|
|switch|p1a: Raikou|Raikou|100/100
|-damage|p1a: Raikou|88/100|[from] Spikes
|move|p2a: Dewgong|Encore|p1a: Raikou
|-fail|p1a: Raikou
|
|-heal|p1a: Raikou|94/100|[from] item: Leftovers
|upkeep
|turn|4

|
|switch|p2a: Piloswine|Piloswine, M|100/100
|move|p1a: Raikou|Thunder|p2a: Piloswine
|-immune|p2a: Piloswine
|
|-heal|p1a: Raikou|99/100|[from] item: Leftovers
|upkeep
|turn|5

|
|switch|p1a: Suicune|Suicune|100/100
|-damage|p1a: Suicune|88/100|[from] Spikes
|move|p2a: Piloswine|Ice Beam|p1a: Suicune
|-resisted|p1a: Suicune
|-damage|p1a: Suicune|79/100
|-status|p1a: Suicune|frz
|
|upkeep
|turn|6

|
|switch|p1a: Charizard|Charizard, M|100/100
|switch|p2a: Lapras|Lapras, M|100/100
|
|upkeep
|turn|7

|
|switch|p1a: Alakazam|Alakazam, M|100/100
|-damage|p1a: Alakazam|88/100|[from] Spikes
|move|p2a: Lapras|Thunder|p1a: Alakazam
|-damage|p1a: Alakazam|57/100
|
|-heal|p1a: Alakazam|63/100|[from] item: Leftovers
|upkeep
|turn|8

|
|move|p1a: Alakazam|Thunder Wave|p2a: Lapras
|-status|p2a: Lapras|par
|move|p2a: Lapras|Thunder|p1a: Alakazam
|-damage|p1a: Alakazam|31/100
|
|-heal|p1a: Alakazam|37/100|[from] item: Leftovers
|upkeep
|turn|9

|
|move|p1a: Alakazam|Recover|p1a: Alakazam
|-heal|p1a: Alakazam|87/100
|move|p2a: Lapras|Ice Beam|p1a: Alakazam
|-damage|p1a: Alakazam|49/100
|
|-heal|p1a: Alakazam|55/100|[from] item: Leftovers
|upkeep
|turn|10

|
|move|p1a: Alakazam|Psychic|p2a: Lapras
|-damage|p2a: Lapras|72/100 par
|move|p2a: Lapras|Ice Beam|p1a: Alakazam
|-damage|p1a: Alakazam|18/100
|
|-heal|p1a: Alakazam|24/100|[from] item: Leftovers
|-heal|p2a: Lapras|78/100 par|[from] item: Leftovers
|upkeep
|turn|11

|
|move|p1a: Alakazam|Recover|p1a: Alakazam
|-heal|p1a: Alakazam|74/100
|move|p2a: Lapras|Rest|p2a: Lapras
|-status|p2a: Lapras|slp|[from] move: Rest
|-heal|p2a: Lapras|100/100 slp|[silent]
|
|-heal|p1a: Alakazam|80/100|[from] item: Leftovers
|upkeep
|turn|12

|
|move|p1a: Alakazam|Psychic|p2a: Lapras
|-damage|p2a: Lapras|70/100 slp
|cant|p2a: Lapras|slp
|move|p2a: Lapras|Sleep Talk|p2a: Lapras
|move|p2a: Lapras|Ice Beam|p1a: Alakazam|[from]Sleep Talk
|-damage|p1a: Alakazam|44/100
|
|-heal|p1a: Alakazam|50/100|[from] item: Leftovers
|-heal|p2a: Lapras|76/100 slp|[from] item: Leftovers
|upkeep
|turn|13

|
|move|p1a: Alakazam|Psychic|p2a: Lapras
|-damage|p2a: Lapras|47/100 slp
|cant|p2a: Lapras|slp
|move|p2a: Lapras|Sleep Talk|p2a: Lapras
|move|p2a: Lapras|Thunder|p1a: Alakazam|[from]Sleep Talk|[miss]
|-miss|p2a: Lapras
|
|-heal|p1a: Alakazam|56/100|[from] item: Leftovers
|-heal|p2a: Lapras|53/100 slp|[from] item: Leftovers
|upkeep
|turn|14

|
|move|p1a: Alakazam|Psychic|p2a: Lapras
|-crit|p2a: Lapras
|-damage|p2a: Lapras|0 fnt
|faint|p2a: Lapras

|
|switch|p2a: Piloswine|Piloswine, M|100/100
|
|-heal|p1a: Alakazam|62/100|[from] item: Leftovers
|upkeep
|turn|15

|
|move|p1a: Alakazam|Psychic|p2a: Piloswine
|-damage|p2a: Piloswine|59/100
|move|p2a: Piloswine|Earthquake|p1a: Alakazam
|-damage|p1a: Alakazam|0 fnt
|faint|p1a: Alakazam

|
|switch|p1a: Tyranitar|Tyranitar, M|100/100
|-damage|p1a: Tyranitar|88/100|[from] Spikes
|
|-heal|p1a: Tyranitar|94/100|[from] item: Leftovers
|-heal|p2a: Piloswine|65/100|[from] item: Leftovers
|upkeep
|turn|16

|
|move|p1a: Tyranitar|Earthquake|p2a: Piloswine
|-damage|p2a: Piloswine|37/100
|move|p2a: Piloswine|Earthquake|p1a: Tyranitar
|-supereffective|p1a: Tyranitar
|-damage|p1a: Tyranitar|39/100
|
|-heal|p1a: Tyranitar|45/100|[from] item: Leftovers
|-heal|p2a: Piloswine|43/100|[from] item: Leftovers
|upkeep
|turn|17

|
|move|p1a: Tyranitar|Fire Blast|p2a: Piloswine
|-supereffective|p2a: Piloswine
|-damage|p2a: Piloswine|0 fnt
|faint|p2a: Piloswine

|
|switch|p2a: Articuno|Articuno|100/100
|
|-heal|p1a: Tyranitar|52/100|[from] item: Leftovers
|upkeep
|turn|18

|j| Gen7OUOU

|
|switch|p1a: Suicune|Suicune|79/100 frz
|-damage|p1a: Suicune|66/100 frz|[from] Spikes
|move|p2a: Articuno|Ice Beam|p1a: Suicune
|-resisted|p1a: Suicune
|-damage|p1a: Suicune|53/100 frz
|
|upkeep
|turn|19

|
|switch|p1a: Raikou|Raikou|99/100
|-damage|p1a: Raikou|88/100|[from] Spikes
|switch|p2a: Jynx|Jynx, F|100/100
|
|-heal|p1a: Raikou|94/100|[from] item: Leftovers
|upkeep
|turn|20

|
|move|p1a: Raikou|Thunder|p2a: Jynx
|-damage|p2a: Jynx|51/100
|move|p2a: Jynx|Lovely Kiss|p1a: Raikou
|-status|p1a: Raikou|slp|[from] move: Lovely Kiss
|
|-heal|p1a: Raikou|99/100 slp|[from] item: Leftovers
|-heal|p2a: Jynx|57/100|[from] item: Leftovers
|upkeep
|turn|21

|
|switch|p1a: Tyranitar|Tyranitar, M|52/100
|-damage|p1a: Tyranitar|39/100|[from] Spikes
|move|p2a: Jynx|Ice Beam|p1a: Tyranitar
|-damage|p1a: Tyranitar|8/100
|-message|Freeze Clause activated.
|
|-heal|p2a: Jynx|63/100|[from] item: Leftovers
|-heal|p1a: Tyranitar|14/100|[from] item: Leftovers
|upkeep
|turn|22

|
|move|p2a: Jynx|Ice Beam|p1a: Tyranitar
|-damage|p1a: Tyranitar|0 fnt
|faint|p1a: Tyranitar

|
|switch|p1a: Charizard|Charizard, M|100/100
|
|-heal|p2a: Jynx|69/100|[from] item: Leftovers
|upkeep
|turn|23

|l| Gen7OUOU

|
|switch|p2a: Articuno|Articuno|100/100
|move|p1a: Charizard|Fire Blast|p2a: Articuno
|-crit|p2a: Articuno
|-supereffective|p2a: Articuno
|-damage|p2a: Articuno|0 fnt
|faint|p2a: Articuno

|
|switch|p2a: Dewgong|Dewgong, M|100/100
|
|upkeep
|turn|24

|
|switch|p1a: Suicune|Suicune|53/100 frz
|-damage|p1a: Suicune|41/100 frz|[from] Spikes
|move|p2a: Dewgong|Surf|p1a: Suicune
|-crit|p1a: Suicune
|-resisted|p1a: Suicune
|-damage|p1a: Suicune|20/100 frz
|
|upkeep
|turn|25

|
|switch|p2a: Jynx|Jynx, F|69/100
|cant|p1a: Suicune|frz
|
|-heal|p2a: Jynx|75/100|[from] item: Leftovers
|upkeep
|turn|26

|
|move|p2a: Jynx|Psychic|p1a: Suicune
|-damage|p1a: Suicune|0 fnt
|faint|p1a: Suicune

|
|switch|p1a: Raikou|Raikou|99/100 slp
|-damage|p1a: Raikou|88/100 slp|[from] Spikes
|
|-heal|p1a: Raikou|94/100 slp|[from] item: Leftovers
|-heal|p2a: Jynx|81/100|[from] item: Leftovers
|upkeep
|turn|27

|
|move|p2a: Jynx|Ice Beam|p1a: Raikou
|-damage|p1a: Raikou|62/100 slp
|cant|p1a: Raikou|slp
|
|-heal|p1a: Raikou|68/100 slp|[from] item: Leftovers
|-heal|p2a: Jynx|87/100|[from] item: Leftovers
|upkeep
|turn|28

|
|cant|p1a: Raikou|slp
|move|p2a: Jynx|Ice Beam|p1a: Raikou
|-damage|p1a: Raikou|36/100 slp
|
|-heal|p1a: Raikou|42/100 slp|[from] item: Leftovers
|-heal|p2a: Jynx|93/100|[from] item: Leftovers
|upkeep
|turn|29

|
|cant|p1a: Raikou|slp
|move|p2a: Jynx|Psychic|p1a: Raikou
|-damage|p1a: Raikou|11/100 slp
|
|-heal|p1a: Raikou|17/100 slp|[from] item: Leftovers
|-heal|p2a: Jynx|99/100|[from] item: Leftovers
|upkeep
|turn|30

|
|cant|p1a: Raikou|slp
|move|p2a: Jynx|Psychic|p1a: Raikou
|-damage|p1a: Raikou|0 fnt
|faint|p1a: Raikou

|
|switch|p1a: Charizard|Charizard, M|100/100
|
|-heal|p2a: Jynx|100/100|[from] item: Leftovers
|upkeep
|turn|31

|
|move|p1a: Charizard|Fire Blast|p2a: Jynx|[miss]
|-miss|p1a: Charizard
|move|p2a: Jynx|Lovely Kiss|p1a: Charizard
|-status|p1a: Charizard|slp|[from] move: Lovely Kiss
|
|upkeep
|turn|32

|
|cant|p1a: Charizard|slp
|move|p2a: Jynx|Dream Eater|p1a: Charizard
|-damage|p1a: Charizard|58/100 slp
|
|-heal|p1a: Charizard|64/100 slp|[from] item: Leftovers
|upkeep
|turn|33

|
|cant|p1a: Charizard|slp
|move|p2a: Jynx|Ice Beam|p1a: Charizard
|-crit|p1a: Charizard
|-damage|p1a: Charizard|0 fnt
|faint|p1a: Charizard
|
|win|Snoop Croc