|init|battle
|title|Greaser Seth vs. FuzyMC
|j|☆Greaser Seth
|j|☆FuzyMC
|player|p1|Greaser Seth|238|1343
|player|p2|FuzyMC|254|1383
|teamsize|p1|6
|teamsize|p2|6
|gametype|singles
|gen|2
|tier|[Gen 2] OU
|rated|
|rule|Sleep Clause Mod: Limit one foe put to sleep
|rule|Freeze Clause Mod: Limit one foe frozen
|rule|Species Clause: Limit one of each Pokémon
|rule|OHKO Clause: OHKO moves are banned
|rule|Evasion Moves Clause: Evasion moves are banned
|rule|HP Percentage Mod: HP is shown in percentages
|
|start
|switch|p1a: Jynx|Jynx, F|100/100
|switch|p2a: Snorlax|Snorlax, M|100/100
|turn|1

|
|switch|p2a: Zapdos|Zapdos|100/100
|move|p1a: Jynx|Thief|p2a: Zapdos
|-damage|p2a: Zapdos|91/100
|-item|p1a: Jynx|Leftovers|[from] move: Thief|[of] p2a: Zapdos
|
|upkeep
|turn|2

|
|move|p2a: Zapdos|Thunder|p1a: Jynx|[miss]
|-miss|p2a: Zapdos
|move|p1a: Jynx|Ice Beam|p2a: Zapdos
|-supereffective|p2a: Zapdos
|-damage|p2a: Zapdos|21/100
|
|upkeep
|turn|3

|
|switch|p2a: Snorlax|Snorlax, M|100/100
|move|p1a: Jynx|Ice Beam|p2a: Snorlax
|-damage|p2a: Snorlax|78/100
|
|-heal|p2a: Snorlax|84/100|[from] item: Leftovers
|upkeep
|turn|4

|c|☆FuzyMC|Oof

|
|switch|p2a: Zapdos|Zapdos|21/100
|move|p1a: Jynx|Lovely Kiss|p2a: Zapdos
|-status|p2a: Zapdos|slp|[from] move: Lovely Kiss
|
|upkeep
|turn|5

|
|switch|p2a: Snorlax|Snorlax, M|84/100
|switch|p1a: Machamp|Machamp, M|100/100
|
|-heal|p2a: Snorlax|91/100|[from] item: Leftovers
|upkeep
|turn|6

|
|switch|p2a: Gengar|Gengar, M|100/100
|move|p1a: Machamp|Cross Chop|p2a: Gengar
|-immune|p2a: Gengar
|
|upkeep
|turn|7

|
|move|p2a: Gengar|Explosion|p1a: Machamp
|-damage|p1a: Machamp|3/100
|faint|p2a: Gengar

|
|switch|p2a: Cloyster|Cloyster, M|100/100
|
|-heal|p1a: Machamp|9/100|[from] item: Leftovers
|upkeep
|turn|8

|
|move|p2a: Cloyster|Spikes|p1a: Machamp
|-sidestart|p1: Greaser Seth|Spikes
|move|p1a: Machamp|Cross Chop|p2a: Cloyster
|-supereffective|p2a: Cloyster
|-damage|p2a: Cloyster|35/100
|
|-heal|p2a: Cloyster|41/100|[from] item: Leftovers
|-heal|p1a: Machamp|15/100|[from] item: Leftovers
|upkeep
|turn|9

|
|move|p2a: Cloyster|Surf|p1a: Machamp
|-damage|p1a: Machamp|0 fnt
|faint|p1a: Machamp

|
|switch|p1a: Raikou|Raikou|100/100
|-damage|p1a: Raikou|88/100|[from] Spikes
|
|-heal|p1a: Raikou|94/100|[from] item: Leftovers
|-heal|p2a: Cloyster|47/100|[from] item: Leftovers
|upkeep
|turn|10

|
|switch|p2a: Snorlax|Snorlax, M|91/100
|move|p1a: Raikou|Thunderbolt|p2a: Snorlax
|-damage|p2a: Snorlax|69/100
|
|-heal|p1a: Raikou|99/100|[from] item: Leftovers
|-heal|p2a: Snorlax|75/100|[from] item: Leftovers
|upkeep
|turn|11

|
|switch|p1a: Skarmory|Skarmory, M|100/100
|move|p2a: Snorlax|Double-Edge|p1a: Skarmory
|-resisted|p1a: Skarmory
|-damage|p1a: Skarmory|84/100
|-damage|p2a: Snorlax|73/100|[from] Recoil|[of] p1a: Skarmory
|
|-heal|p1a: Skarmory|90/100|[from] item: Leftovers
|-heal|p2a: Snorlax|79/100|[from] item: Leftovers
|upkeep
|turn|12

|
|move|p2a: Snorlax|Fire Blast|p1a: Skarmory
|-supereffective|p1a: Skarmory
|-damage|p1a: Skarmory|34/100
|move|p1a: Skarmory|Whirlwind|p2a: Snorlax
|drag|p2a: Zapdos|Zapdos|21/100 slp
|
|-heal|p1a: Skarmory|40/100|[from] item: Leftovers
|upkeep
|turn|13

|
|switch|p1a: Cloyster|Cloyster, M|100/100
|-damage|p1a: Cloyster|88/100|[from] Spikes
|cant|p2a: Zapdos|slp
|move|p2a: Zapdos|Sleep Talk|p2a: Zapdos
|move|p2a: Zapdos|Thunder|p1a: Cloyster|[from]Sleep Talk
|-supereffective|p1a: Cloyster
|-damage|p1a: Cloyster|0 fnt
|faint|p1a: Cloyster

|
|switch|p1a: Raikou|Raikou|99/100
|-damage|p1a: Raikou|88/100|[from] Spikes
|
|-heal|p1a: Raikou|94/100|[from] item: Leftovers
|upkeep
|turn|14

|c|☆FuzyMC|Oof

|
|switch|p2a: Golem|Golem, M|100/100
|move|p1a: Raikou|Roar|p2a: Golem
|drag|p2a: Magmar|Magmar, F|100/100
|
|-heal|p1a: Raikou|99/100|[from] item: Leftovers
|upkeep
|turn|15

|
|move|p1a: Raikou|Hidden Power|p2a: Magmar
|-resisted|p2a: Magmar
|-damage|p2a: Magmar|90/100
|move|p2a: Magmar|Thief|p1a: Raikou
|-damage|p1a: Raikou|91/100
|-item|p2a: Magmar|Leftovers|[from] move: Thief|[of] p1a: Raikou
|
|-heal|p2a: Magmar|96/100|[from] item: Leftovers
|upkeep
|turn|16

|
|switch|p2a: Golem|Golem, M|100/100
|move|p1a: Raikou|Hidden Power|p2a: Golem
|-supereffective|p2a: Golem
|-damage|p2a: Golem|58/100
|
|-heal|p2a: Golem|64/100|[from] item: Leftovers
|upkeep
|turn|17

|
|move|p1a: Raikou|Hidden Power|p2a: Golem
|-supereffective|p2a: Golem
|-damage|p2a: Golem|19/100
|move|p2a: Golem|Earthquake|p1a: Raikou
|-supereffective|p1a: Raikou
|-damage|p1a: Raikou|16/100
|
|-heal|p2a: Golem|25/100|[from] item: Leftovers
|upkeep
|turn|18

|
|switch|p2a: Snorlax|Snorlax, M|79/100
|move|p1a: Raikou|Thunderbolt|p2a: Snorlax
|-damage|p2a: Snorlax|57/100
|
|-heal|p2a: Snorlax|63/100|[from] item: Leftovers
|upkeep
|turn|19

|
|move|p1a: Raikou|Thunderbolt|p2a: Snorlax
|-damage|p2a: Snorlax|41/100
|-status|p2a: Snorlax|par
|cant|p2a: Snorlax|par
|
|-heal|p2a: Snorlax|47/100 par|[from] item: Leftovers
|upkeep
|turn|20

|c|☆FuzyMC|Oof

|
|move|p2a: Snorlax|Double-Edge|p1a: Raikou
|-damage|p1a: Raikou|0 fnt
|-damage|p2a: Snorlax|45/100 par|[from] Recoil|[of] p1a: Raikou
|faint|p1a: Raikou

|
|switch|p1a: Snorlax|Snorlax, M|100/100
|-damage|p1a: Snorlax|88/100|[from] Spikes
|
|-heal|p1a: Snorlax|94/100|[from] item: Leftovers
|-heal|p2a: Snorlax|51/100 par|[from] item: Leftovers
|upkeep
|turn|21

|
|move|p1a: Snorlax|Curse|p1a: Snorlax
|-unboost|p1a: Snorlax|spe|1
|-boost|p1a: Snorlax|atk|1
|-boost|p1a: Snorlax|def|1
|move|p2a: Snorlax|Self-Destruct|p1a: Snorlax
|-damage|p1a: Snorlax|9/100
|faint|p2a: Snorlax

|j| Gen7OUOU

|inactive|Battle timer is ON: inactive players will automatically lose when time's up. (requested by Greaser Seth)

|
|switch|p2a: Magmar|Magmar, F|96/100
|
|-heal|p2a: Magmar|100/100|[from] item: Leftovers
|-heal|p1a: Snorlax|15/100|[from] item: Leftovers
|upkeep
|turn|22

|
|move|p2a: Magmar|Seismic Toss|p1a: Snorlax
|-damage|p1a: Snorlax|0 fnt
|faint|p1a: Snorlax

|
|switch|p1a: Jynx|Jynx, F|100/100
|-damage|p1a: Jynx|88/100|[from] Spikes
|
|-heal|p1a: Jynx|94/100|[from] item: Leftovers
|upkeep
|turn|23

|
|move|p1a: Jynx|Psychic|p2a: Magmar
|-damage|p2a: Magmar|59/100
|move|p2a: Magmar|Confuse Ray|p1a: Jynx
|-start|p1a: Jynx|confusion
|
|-heal|p1a: Jynx|99/100|[from] item: Leftovers
|-heal|p2a: Magmar|65/100|[from] item: Leftovers
|upkeep
|turn|24

|
|-activate|p1a: Jynx|confusion
|move|p1a: Jynx|Psychic|p2a: Magmar
|-damage|p2a: Magmar|23/100
|move|p2a: Magmar|Seismic Toss|p1a: Jynx
|-damage|p1a: Jynx|70/100
|
|-heal|p1a: Jynx|76/100|[from] item: Leftovers
|-heal|p2a: Magmar|29/100|[from] item: Leftovers
|upkeep
|turn|25

|
|-end|p1a: Jynx|confusion
|move|p1a: Jynx|Psychic|p2a: Magmar
|-damage|p2a: Magmar|0 fnt
|faint|p2a: Magmar

|c|☆FuzyMC|Rip

|c|☆FuzyMC|Janx wins this

|
|switch|p2a: Zapdos|Zapdos|21/100 slp
|
|-heal|p1a: Jynx|82/100|[from] item: Leftovers
|upkeep
|turn|26

|
|cant|p2a: Zapdos|slp
|move|p2a: Zapdos|Sleep Talk|p2a: Zapdos
|move|p2a: Zapdos|Thunder|p1a: Jynx|[from]Sleep Talk
|-damage|p1a: Jynx|29/100
|move|p1a: Jynx|Ice Beam|p2a: Zapdos
|-supereffective|p2a: Zapdos
|-damage|p2a: Zapdos|0 fnt
|faint|p2a: Zapdos

|
|switch|p2a: Cloyster|Cloyster, M|47/100
|
|-heal|p1a: Jynx|35/100|[from] item: Leftovers
|-heal|p2a: Cloyster|53/100|[from] item: Leftovers
|upkeep
|turn|27

|
|move|p1a: Jynx|Psychic|p2a: Cloyster
|-damage|p2a: Cloyster|0 fnt
|faint|p2a: Cloyster

|
|switch|p2a: Golem|Golem, M|25/100
|
|-heal|p1a: Jynx|41/100|[from] item: Leftovers
|-heal|p2a: Golem|31/100|[from] item: Leftovers
|upkeep
|turn|28

|
|move|p1a: Jynx|Ice Beam|p2a: Golem
|-supereffective|p2a: Golem
|-damage|p2a: Golem|0 fnt
|faint|p2a: Golem
|
|win|Greaser Seth