|init|battle
|title|SuperDPD vs. Me111
|j|☆SuperDPD
|j|☆Me111
|player|p1|SuperDPD|266|
|player|p2|Me111|169|
|teamsize|p1|6
|teamsize|p2|6
|gametype|singles
|gen|2
|tier|[Gen 2] OU
|rule|Sleep Clause Mod: Limit one foe put to sleep
|rule|Freeze Clause Mod: Limit one foe frozen
|rule|Species Clause: Limit one of each Pokémon
|rule|OHKO Clause: OHKO moves are banned
|rule|Evasion Moves Clause: Evasion moves are banned
|rule|HP Percentage Mod: HP is shown in percentages
|
|start
|switch|p1a: Cloyster|Cloyster, M|100/100
|switch|p2a: Dragonite|Dragonite, M|100/100
|turn|1

|
|switch|p2a: Arcanine|Arcanine, M|100/100
|move|p1a: Cloyster|Ice Beam|p2a: Arcanine
|-resisted|p2a: Arcanine
|-damage|p2a: Arcanine|85/100
|
|-heal|p2a: Arcanine|91/100|[from] item: Leftovers
|upkeep
|turn|2

|
|move|p2a: Arcanine|Fire Blast|p1a: Cloyster|[miss]
|-miss|p2a: Arcanine
|move|p1a: Cloyster|Spikes|p2a: Arcanine
|-sidestart|p2: Me111|Spikes
|
|-heal|p2a: Arcanine|97/100|[from] item: Leftovers
|upkeep
|turn|3

|
|switch|p1a: Marowak|Marowak, M|100/100
|move|p2a: Arcanine|Fire Blast|p1a: Marowak
|-damage|p1a: Marowak|52/100
|-status|p1a: Marowak|brn
|
|-heal|p2a: Arcanine|100/100|[from] item: Leftovers
|upkeep
|turn|4

|
|move|p2a: Arcanine|Fire Blast|p1a: Marowak
|-damage|p1a: Marowak|6/100 brn
|move|p1a: Marowak|Earthquake|p2a: Arcanine
|-supereffective|p2a: Arcanine
|-damage|p2a: Arcanine|40/100
|-damage|p1a: Marowak|0 fnt|[from] brn|[of] p2a: Arcanine
|faint|p1a: Marowak

|
|switch|p1a: Pikachu|Pikachu, M|100/100
|
|-heal|p2a: Arcanine|46/100|[from] item: Leftovers
|upkeep
|turn|5

|
|move|p2a: Arcanine|Fire Blast|p1a: Pikachu
|-damage|p1a: Pikachu|12/100
|move|p1a: Pikachu|Surf|p2a: Arcanine
|-supereffective|p2a: Arcanine
|-damage|p2a: Arcanine|0 fnt
|faint|p2a: Arcanine

|
|switch|p2a: Jolteon|Jolteon, M|100/100
|-damage|p2a: Jolteon|88/100|[from] Spikes
|
|-heal|p2a: Jolteon|94/100|[from] item: Leftovers
|upkeep
|turn|6

|
|switch|p1a: Jynx|Jynx, F|100/100
|move|p2a: Jolteon|Thunderbolt|p1a: Jynx
|-damage|p1a: Jynx|65/100
|
|-heal|p2a: Jolteon|99/100|[from] item: Leftovers
|-heal|p1a: Jynx|71/100|[from] item: Leftovers
|upkeep
|turn|7

|
|move|p2a: Jolteon|Thunder Wave|p1a: Jynx
|-status|p1a: Jynx|par
|move|p1a: Jynx|Lovely Kiss|p2a: Jolteon|[miss]
|-miss|p1a: Jynx
|
|-heal|p2a: Jolteon|100/100|[from] item: Leftovers
|-heal|p1a: Jynx|77/100 par|[from] item: Leftovers
|upkeep
|turn|8

|
|move|p2a: Jolteon|Shadow Ball|p1a: Jynx
|-supereffective|p1a: Jynx
|-damage|p1a: Jynx|22/100 par
|move|p1a: Jynx|Lovely Kiss|p2a: Jolteon
|-status|p2a: Jolteon|slp|[from] move: Lovely Kiss
|
|-heal|p1a: Jynx|28/100 par|[from] item: Leftovers
|upkeep
|turn|9

|
|cant|p2a: Jolteon|slp
|move|p1a: Jynx|Psychic|p2a: Jolteon
|-damage|p2a: Jolteon|65/100 slp
|-unboost|p2a: Jolteon|spd|1
|
|-heal|p2a: Jolteon|71/100 slp|[from] item: Leftovers
|-heal|p1a: Jynx|34/100 par|[from] item: Leftovers
|upkeep
|turn|10

|
|cant|p2a: Jolteon|slp
|move|p1a: Jynx|Psychic|p2a: Jolteon
|-damage|p2a: Jolteon|16/100 slp
|
|-heal|p2a: Jolteon|22/100 slp|[from] item: Leftovers
|-heal|p1a: Jynx|40/100 par|[from] item: Leftovers
|upkeep
|turn|11

|
|-curestatus|p2a: Jolteon|slp|[msg]
|move|p2a: Jolteon|Shadow Ball|p1a: Jynx
|-supereffective|p1a: Jynx
|-damage|p1a: Jynx|0 fnt
|faint|p1a: Jynx

|
|switch|p1a: Gengar|Gengar, M|100/100
|
|-heal|p2a: Jolteon|28/100|[from] item: Leftovers
|upkeep
|turn|12

|
|move|p2a: Jolteon|Shadow Ball|p1a: Gengar
|-supereffective|p1a: Gengar
|-damage|p1a: Gengar|60/100
|-unboost|p1a: Gengar|spd|1
|move|p1a: Gengar|Psychic|p2a: Jolteon
|-damage|p2a: Jolteon|0 fnt
|faint|p2a: Jolteon

|
|switch|p2a: Tyranitar|Tyranitar, M|100/100
|-damage|p2a: Tyranitar|88/100|[from] Spikes
|
|-heal|p2a: Tyranitar|94/100|[from] item: Leftovers
|upkeep
|turn|13

|
|move|p1a: Gengar|Perish Song|p1a: Gengar
|-start|p1a: Gengar|perish3|[silent]
|-start|p2a: Tyranitar|perish3|[silent]
|-fieldactivate|move: Perish Song
|move|p2a: Tyranitar|Earthquake|p1a: Gengar
|-supereffective|p1a: Gengar
|-damage|p1a: Gengar|0 fnt
|faint|p1a: Gengar

|
|switch|p1a: Pikachu|Pikachu, M|12/100
|
|-heal|p2a: Tyranitar|100/100|[from] item: Leftovers
|-start|p2a: Tyranitar|perish3
|upkeep
|turn|14

|
|move|p1a: Pikachu|Surf|p2a: Tyranitar
|-crit|p2a: Tyranitar
|-supereffective|p2a: Tyranitar
|-damage|p2a: Tyranitar|5/100
|move|p2a: Tyranitar|Earthquake|p1a: Pikachu
|-supereffective|p1a: Pikachu
|-damage|p1a: Pikachu|0 fnt
|faint|p1a: Pikachu

|
|switch|p1a: Cloyster|Cloyster, M|100/100
|
|-heal|p2a: Tyranitar|11/100|[from] item: Leftovers
|-start|p2a: Tyranitar|perish2
|upkeep
|turn|15

|
|move|p1a: Cloyster|Ice Beam|p2a: Tyranitar
|-damage|p2a: Tyranitar|0 fnt
|faint|p2a: Tyranitar

|
|switch|p2a: Exeggutor|Exeggutor, M|100/100
|-damage|p2a: Exeggutor|88/100|[from] Spikes
|
|upkeep
|turn|16

|
|move|p1a: Cloyster|Ice Beam|p2a: Exeggutor
|-supereffective|p2a: Exeggutor
|-damage|p2a: Exeggutor|25/100
|move|p2a: Exeggutor|Giga Drain|p1a: Cloyster
|-supereffective|p1a: Cloyster
|-damage|p1a: Cloyster|15/100
|-heal|p2a: Exeggutor|58/100|[from] drain|[of] p1a: Cloyster
|
|-heal|p1a: Cloyster|21/100|[from] item: Leftovers
|upkeep
|turn|17

|
|move|p2a: Exeggutor|Protect|p2a: Exeggutor
|-singleturn|p2a: Exeggutor|Protect
|move|p1a: Cloyster|Ice Beam|p2a: Exeggutor
|-activate|p2a: Exeggutor|Protect
|
|-heal|p1a: Cloyster|27/100|[from] item: Leftovers
|upkeep
|turn|18

|
|move|p1a: Cloyster|Ice Beam|p2a: Exeggutor
|-supereffective|p2a: Exeggutor
|-damage|p2a: Exeggutor|0 fnt
|faint|p2a: Exeggutor

|
|switch|p2a: Suicune|Suicune|100/100
|-damage|p2a: Suicune|88/100|[from] Spikes
|
|-heal|p1a: Cloyster|33/100|[from] item: Leftovers
|upkeep
|turn|19

|
|switch|p1a: Snorlax|Snorlax, M|100/100
|move|p2a: Suicune|Hydro Pump|p1a: Snorlax
|-damage|p1a: Snorlax|76/100
|
|-heal|p1a: Snorlax|82/100|[from] item: Leftovers
|upkeep
|turn|20

|
|move|p2a: Suicune|Ice Beam|p1a: Snorlax
|-damage|p1a: Snorlax|69/100
|move|p1a: Snorlax|Return|p2a: Suicune
|-damage|p2a: Suicune|59/100
|
|-heal|p1a: Snorlax|75/100|[from] item: Leftovers
|upkeep
|turn|21

|
|move|p2a: Suicune|Hydro Pump|p1a: Snorlax
|-damage|p1a: Snorlax|48/100
|move|p1a: Snorlax|Return|p2a: Suicune
|-damage|p2a: Suicune|31/100
|
|-heal|p1a: Snorlax|54/100|[from] item: Leftovers
|upkeep
|turn|22

|
|move|p2a: Suicune|Rest|p2a: Suicune
|-status|p2a: Suicune|slp|[from] move: Rest
|-heal|p2a: Suicune|100/100 slp|[silent]
|move|p1a: Snorlax|Return|p2a: Suicune
|-damage|p2a: Suicune|70/100 slp
|
|-heal|p1a: Snorlax|60/100|[from] item: Leftovers
|upkeep
|turn|23

|
|cant|p2a: Suicune|slp
|move|p2a: Suicune|Sleep Talk|p2a: Suicune
|move|p2a: Suicune|Rest|p2a: Suicune|[from]Sleep Talk
|-status|p2a: Suicune|slp|[from] move: Rest
|-heal|p2a: Suicune|100/100 slp|[silent]
|move|p1a: Snorlax|Return|p2a: Suicune
|-damage|p2a: Suicune|69/100 slp
|
|-heal|p1a: Snorlax|66/100|[from] item: Leftovers
|upkeep
|turn|24

|
|cant|p2a: Suicune|slp
|move|p1a: Snorlax|Curse|p1a: Snorlax
|-unboost|p1a: Snorlax|spe|1
|-boost|p1a: Snorlax|atk|1
|-boost|p1a: Snorlax|def|1
|
|-heal|p1a: Snorlax|72/100|[from] item: Leftovers
|upkeep
|turn|25

|
|cant|p2a: Suicune|slp
|move|p2a: Suicune|Sleep Talk|p2a: Suicune
|move|p2a: Suicune|Rest|p2a: Suicune|[from]Sleep Talk
|-status|p2a: Suicune|slp|[from] move: Rest
|-heal|p2a: Suicune|100/100 slp|[silent]
|move|p1a: Snorlax|Curse|p1a: Snorlax
|-unboost|p1a: Snorlax|spe|1
|-boost|p1a: Snorlax|atk|1
|-boost|p1a: Snorlax|def|1
|
|-heal|p1a: Snorlax|79/100|[from] item: Leftovers
|upkeep
|turn|26

|
|cant|p2a: Suicune|slp
|move|p1a: Snorlax|Return|p2a: Suicune
|-crit|p2a: Suicune
|-damage|p2a: Suicune|0 fnt
|faint|p2a: Suicune

|
|switch|p2a: Dragonite|Dragonite, M|100/100
|
|-heal|p1a: Snorlax|85/100|[from] item: Leftovers
|upkeep
|turn|27

|
|move|p2a: Dragonite|Haze|p2a: Dragonite
|-clearallboost
|move|p1a: Snorlax|Return|p2a: Dragonite
|-damage|p2a: Dragonite|68/100
|
|-heal|p2a: Dragonite|75/100|[from] item: Leftovers
|-heal|p1a: Snorlax|91/100|[from] item: Leftovers
|upkeep
|turn|28

|
|move|p2a: Dragonite|Fire Blast|p1a: Snorlax
|-damage|p1a: Snorlax|74/100
|move|p1a: Snorlax|Return|p2a: Dragonite
|-damage|p2a: Dragonite|40/100
|
|-heal|p2a: Dragonite|47/100|[from] item: Leftovers
|-heal|p1a: Snorlax|80/100|[from] item: Leftovers
|upkeep
|turn|29

|
|move|p2a: Dragonite|Ice Beam|p1a: Snorlax
|-damage|p1a: Snorlax|66/100
|move|p1a: Snorlax|Return|p2a: Dragonite
|-damage|p2a: Dragonite|15/100
|
|-heal|p2a: Dragonite|21/100|[from] item: Leftovers
|-heal|p1a: Snorlax|72/100|[from] item: Leftovers
|upkeep
|turn|30

|
|move|p2a: Dragonite|Ice Beam|p1a: Snorlax
|-damage|p1a: Snorlax|60/100
|move|p1a: Snorlax|Return|p2a: Dragonite
|-damage|p2a: Dragonite|0 fnt
|faint|p2a: Dragonite
|
|win|SuperDPD