|init|battle
|title|Gen7OUOU vs. Hidol
|j|☆Gen7OUOU
|j|☆Hidol
|player|p1|Gen7OUOU|129|1199
|player|p2|Hidol|266|1117
|teamsize|p1|6
|teamsize|p2|6
|gametype|singles
|gen|2
|tier|[Gen 2] OU
|rated|
|rule|Sleep Clause Mod: Limit one foe put to sleep
|rule|Freeze Clause Mod: Limit one foe frozen
|rule|Species Clause: Limit one of each Pokémon
|rule|OHKO Clause: OHKO moves are banned
|rule|Evasion Moves Clause: Evasion moves are banned
|rule|HP Percentage Mod: HP is shown in percentages
|
|start
|switch|p1a: Blissey|Blissey, F|100/100
|switch|p2a: Machamp|Machamp, M|100/100
|turn|1

|
|switch|p1a: Starmie|Starmie|100/100
|move|p2a: Machamp|Cross Chop|p1a: Starmie
|-resisted|p1a: Starmie
|-damage|p1a: Starmie|78/100
|
|upkeep
|turn|2

|
|switch|p2a: Alakazam|Alakazam, M|100/100
|move|p1a: Starmie|Ice Beam|p2a: Alakazam
|-damage|p2a: Alakazam|73/100
|
|-heal|p2a: Alakazam|79/100|[from] item: Leftovers
|upkeep
|turn|3

|
|switch|p1a: Blissey|Blissey, F|100/100
|move|p2a: Alakazam|Thunder Wave|p1a: Blissey
|-status|p1a: Blissey|par
|
|-heal|p2a: Alakazam|85/100|[from] item: Leftovers
|upkeep
|turn|4

|inactive|Battle timer is ON: inactive players will automatically lose when time's up. (requested by Hidol)

|
|move|p2a: Alakazam|Psych Up|p1a: Blissey
|-copyboost|p2a: Alakazam|p1a: Blissey|[from] move: Psych Up
|move|p1a: Blissey|Ice Beam|p2a: Alakazam
|-damage|p2a: Alakazam|62/100
|
|-heal|p2a: Alakazam|68/100|[from] item: Leftovers
|upkeep
|turn|5

|
|move|p2a: Alakazam|Psychic|p1a: Blissey
|-crit|p1a: Blissey
|-damage|p1a: Blissey|71/100 par
|move|p1a: Blissey|Ice Beam|p2a: Alakazam
|-damage|p2a: Alakazam|48/100
|
|-heal|p2a: Alakazam|54/100|[from] item: Leftovers
|upkeep
|turn|6

|
|move|p2a: Alakazam|Recover|p2a: Alakazam
|-heal|p2a: Alakazam|100/100
|move|p1a: Blissey|Soft-Boiled|p1a: Blissey
|-heal|p1a: Blissey|100/100 par
|
|upkeep
|turn|7

|
|move|p2a: Alakazam|Psychic|p1a: Blissey
|-damage|p1a: Blissey|86/100 par
|move|p1a: Blissey|Ice Beam|p2a: Alakazam
|-damage|p2a: Alakazam|77/100
|
|-heal|p2a: Alakazam|83/100|[from] item: Leftovers
|upkeep
|turn|8

|
|move|p2a: Alakazam|Psychic|p1a: Blissey
|-damage|p1a: Blissey|72/100 par
|cant|p1a: Blissey|par
|
|-heal|p2a: Alakazam|89/100|[from] item: Leftovers
|upkeep
|turn|9

|
|switch|p2a: Machamp|Machamp, M|100/100
|move|p1a: Blissey|Soft-Boiled|p1a: Blissey
|-heal|p1a: Blissey|100/100 par
|
|upkeep
|turn|10

|
|switch|p2a: Raikou|Raikou|100/100
|switch|p1a: Starmie|Starmie|78/100
|
|upkeep
|turn|11

|
|switch|p1a: Snorlax|Snorlax, M|100/100
|move|p2a: Raikou|Thunder|p1a: Snorlax
|-damage|p1a: Snorlax|71/100
|-status|p1a: Snorlax|par
|
|-heal|p1a: Snorlax|77/100 par|[from] item: Leftovers
|upkeep
|turn|12

|
|switch|p2a: Charizard|Charizard, M|100/100
|move|p1a: Snorlax|Double-Edge|p2a: Charizard
|-damage|p2a: Charizard|55/100
|-damage|p1a: Snorlax|69/100 par|[from] Recoil|[of] p2a: Charizard
|
|-heal|p2a: Charizard|61/100|[from] item: Leftovers
|-heal|p1a: Snorlax|75/100 par|[from] item: Leftovers
|upkeep
|turn|13

|
|switch|p2a: Tyranitar|Tyranitar, M|100/100
|move|p1a: Snorlax|Double-Edge|p2a: Tyranitar
|-resisted|p2a: Tyranitar
|-damage|p2a: Tyranitar|82/100
|-damage|p1a: Snorlax|72/100 par|[from] Recoil|[of] p2a: Tyranitar
|
|-heal|p2a: Tyranitar|88/100|[from] item: Leftovers
|-heal|p1a: Snorlax|78/100 par|[from] item: Leftovers
|upkeep
|turn|14

|
|switch|p1a: Machamp|Machamp, M|100/100
|move|p2a: Tyranitar|Dynamic Punch|p1a: Machamp
|-damage|p1a: Machamp|73/100
|-start|p1a: Machamp|confusion
|
|-heal|p2a: Tyranitar|94/100|[from] item: Leftovers
|-heal|p1a: Machamp|79/100|[from] item: Leftovers
|upkeep
|turn|15

|
|switch|p2a: Alakazam|Alakazam, M|89/100
|-activate|p1a: Machamp|confusion
|move|p1a: Machamp|Cross Chop|p2a: Alakazam|[miss]
|-miss|p1a: Machamp
|
|-heal|p2a: Alakazam|95/100|[from] item: Leftovers
|-heal|p1a: Machamp|85/100|[from] item: Leftovers
|upkeep
|turn|16

|
|switch|p1a: Snorlax|Snorlax, M|78/100 par
|move|p2a: Alakazam|Thunder Wave|p1a: Snorlax
|-fail|p1a: Snorlax|par
|
|-heal|p2a: Alakazam|100/100|[from] item: Leftovers
|-heal|p1a: Snorlax|84/100 par|[from] item: Leftovers
|upkeep
|turn|17

|
|switch|p2a: Machamp|Machamp, M|100/100
|move|p1a: Snorlax|Curse|p1a: Snorlax
|-unboost|p1a: Snorlax|spe|1
|-boost|p1a: Snorlax|atk|1
|-boost|p1a: Snorlax|def|1
|
|-heal|p1a: Snorlax|90/100 par|[from] item: Leftovers
|upkeep
|turn|18

|
|move|p2a: Machamp|Cross Chop|p1a: Snorlax
|-supereffective|p1a: Snorlax
|-damage|p1a: Snorlax|40/100 par
|move|p1a: Snorlax|Double-Edge|p2a: Machamp
|-damage|p2a: Machamp|30/100
|-damage|p1a: Snorlax|27/100 par|[from] Recoil|[of] p2a: Machamp
|
|-heal|p2a: Machamp|36/100|[from] item: Leftovers
|-heal|p1a: Snorlax|33/100 par|[from] item: Leftovers
|upkeep
|turn|19

|
|switch|p1a: Starmie|Starmie|78/100
|move|p2a: Machamp|Cross Chop|p1a: Starmie
|-resisted|p1a: Starmie
|-damage|p1a: Starmie|52/100
|
|-heal|p2a: Machamp|42/100|[from] item: Leftovers
|upkeep
|turn|20

|
|switch|p2a: Suicune|Suicune|100/100
|move|p1a: Starmie|Surf|p2a: Suicune
|-resisted|p2a: Suicune
|-damage|p2a: Suicune|88/100
|
|-heal|p2a: Suicune|94/100|[from] item: Leftovers
|upkeep
|turn|21

|
|switch|p1a: Blissey|Blissey, F|100/100 par
|move|p2a: Suicune|Hidden Power|p1a: Blissey
|-damage|p1a: Blissey|94/100 par
|
|-heal|p2a: Suicune|99/100|[from] item: Leftovers
|upkeep
|turn|22

|
|move|p1a: Blissey|Heal Bell|p1a: Blissey
|-cureteam|p1a: Blissey|[from] move: Heal Bell
|move|p2a: Suicune|Roar|p1a: Blissey
|drag|p1a: Snorlax|Snorlax, M|33/100
|
|-heal|p2a: Suicune|100/100|[from] item: Leftovers
|-heal|p1a: Snorlax|39/100|[from] item: Leftovers
|upkeep
|turn|23

|
|move|p2a: Suicune|Blizzard|p1a: Snorlax
|-damage|p1a: Snorlax|23/100
|move|p1a: Snorlax|Rest|p1a: Snorlax
|-status|p1a: Snorlax|slp|[from] move: Rest
|-heal|p1a: Snorlax|100/100 slp|[silent]
|
|upkeep
|turn|24

|
|switch|p2a: Machamp|Machamp, M|42/100
|switch|p1a: Starmie|Starmie|52/100
|
|-heal|p2a: Machamp|48/100|[from] item: Leftovers
|upkeep
|turn|25

|
|switch|p2a: Suicune|Suicune|100/100
|move|p1a: Starmie|Thunderbolt|p2a: Suicune
|-supereffective|p2a: Suicune
|-damage|p2a: Suicune|64/100
|
|-heal|p2a: Suicune|70/100|[from] item: Leftovers
|upkeep
|turn|26

|
|move|p1a: Starmie|Thunderbolt|p2a: Suicune
|-supereffective|p2a: Suicune
|-damage|p2a: Suicune|33/100
|move|p2a: Suicune|Roar|p1a: Starmie
|drag|p1a: Golem|Golem, M|100/100
|
|-heal|p2a: Suicune|39/100|[from] item: Leftovers
|upkeep
|turn|27

|
|switch|p1a: Blissey|Blissey, F|94/100
|move|p2a: Suicune|Hidden Power|p1a: Blissey
|-damage|p1a: Blissey|89/100
|
|-heal|p2a: Suicune|45/100|[from] item: Leftovers
|upkeep
|turn|28

|
|switch|p2a: Tyranitar|Tyranitar, M|94/100
|move|p1a: Blissey|Heal Bell|p1a: Blissey
|-cureteam|p1a: Blissey|[from] move: Heal Bell
|
|-heal|p2a: Tyranitar|99/100|[from] item: Leftovers
|upkeep
|turn|29

|
|switch|p1a: Machamp|Machamp, M|85/100
|move|p2a: Tyranitar|Dynamic Punch|p1a: Machamp|[miss]
|-miss|p2a: Tyranitar
|
|-heal|p2a: Tyranitar|100/100|[from] item: Leftovers
|-heal|p1a: Machamp|91/100|[from] item: Leftovers
|upkeep
|turn|30

|
|switch|p2a: Charizard|Charizard, M|61/100
|move|p1a: Machamp|Earthquake|p2a: Charizard
|-immune|p2a: Charizard
|
|-heal|p2a: Charizard|67/100|[from] item: Leftovers
|-heal|p1a: Machamp|97/100|[from] item: Leftovers
|upkeep
|turn|31

|j| memeloler

|inactive|Hidol has 120 seconds left.

|l|☆Hidol

|inactive|Hidol disconnected and has a minute to reconnect!

|player|p2|

|inactive|Hidol has 30 seconds to reconnect!

|inactive|Hidol has 20 seconds to reconnect!

|inactive|Hidol has 15 seconds to reconnect!

|inactive|Hidol has 10 seconds to reconnect!

|inactive|Hidol has 5 seconds to reconnect!

|-message|Hidol lost due to inactivity.
|
|win|Gen7OUOU